<?xml version="1.0" encoding="UTF-8"?>
<!DOCTYPE html PUBLIC "-//W3C//DTD XHTML 1.0 Transitional//EN"
    "http://www.w3.org/TR/xhtml1/DTD/xhtml1-transitional.dtd">
<html xmlns="http://www.w3.org/1999/xhtml" xml:lang="en" lang="en">
 <head>
  <title>
</title>
<meta http-equiv="Content-Type" content="text/html;charset=utf-8" />
  <meta name='ocr-system' content='tesseract 3.04.00' />
  <meta name='ocr-capabilities' content='ocr_page ocr_carea ocr_par ocr_line ocrx_word'/>
</head>
<body>
  <div class='ocr_page' id='page_1' title='image "./deiteratisapudth00schauoft_0046.png"; bbox 0 0 2098 3406; ppageno 0'>
   <div class='ocr_carea' id='block_1_1' title="bbox 946 400 1227 481">
    <p class='ocr_par' dir='ltr' id='par_1_1' title="bbox 946 400 1227 481">
     <span class='ocr_line' id='line_1_1' title="bbox 946 400 1227 481; baseline -0.004 0"><span class='ocrx_word' id='word_1_1' title='bbox 946 400 1227 481; x_wconf 86' lang='lat' dir='ltr'>VITA.</span> 
     </span>
    </p>
   </div>
   <div class='ocr_carea' id='block_1_2' title="bbox 315 583 1894 2480">
    <p class='ocr_par' dir='ltr' id='par_1_2' title="bbox 315 583 1894 2480">
     <span class='ocr_line' id='line_1_2' title="bbox 422 583 1848 662; baseline 0.004 -16"><span class='ocrx_word' id='word_1_2' title='bbox 422 583 597 659; x_wconf 44' lang='grc' dir='ltr'>ιῇξιωε</span> <span class='ocrx_word' id='word_1_3' title='bbox 637 615 731 645; x_wconf 88' lang='lat' dir='ltr'>sum</span> <span class='ocrx_word' id='word_1_4' title='bbox 772 601 1009 645; x_wconf 81' lang='lat' dir='ltr'>Mauricius</span> <span class='ocrx_word' id='word_1_5' title='bbox 1046 602 1250 646; x_wconf 80' lang='lat' dir='ltr'>Schaeser</span> <span class='ocrx_word' id='word_1_6' title='bbox 1285 603 1598 648; x_wconf 81' lang='lat' dir='ltr'>Wladislaviae</span> <span class='ocrx_word' id='word_1_7' title='bbox 1635 606 1848 662; x_wconf 82' lang='lat' dir='ltr'>(Loslau),</span> 
     </span>
     <span class='ocr_line' id='line_1_3' title="bbox 321 677 1848 732; baseline 0.003 -11"><span class='ocrx_word' id='word_1_8' title='bbox 321 678 523 732; x_wconf 89' lang='lat' dir='ltr'>oppidulo</span> <span class='ocrx_word' id='word_1_9' title='bbox 575 677 757 721; x_wconf 87' lang='lat' dir='ltr'>Silesiae</span> <span class='ocrx_word' id='word_1_10' title='bbox 807 677 1063 731; x_wconf 87' lang='lat' dir='ltr'>superioris,</span> <span class='ocrx_word' id='word_1_11' title='bbox 1113 678 1237 721; x_wconf 89' lang='lat' dir='ltr'>XXI.</span> <span class='ocrx_word' id='word_1_12' title='bbox 1290 678 1360 722; x_wconf 88' lang='lat' dir='ltr'>die</span> <span class='ocrx_word' id='word_1_13' title='bbox 1410 680 1568 724; x_wconf 79' lang='lat' dir='ltr'>mensis</span> <span class='ocrx_word' id='word_1_14' title='bbox 1613 681 1701 724; x_wconf 87' lang='lat' dir='ltr'>Mai</span> <span class='ocrx_word' id='word_1_15' title='bbox 1749 683 1848 725; x_wconf 90' lang='lat' dir='ltr'>anni</span> 
     </span>
     <span class='ocr_line' id='line_1_4' title="bbox 319 753 1849 811; baseline 0.001 -13"><span class='ocrx_word' id='word_1_16' title='bbox 319 753 647 798; x_wconf 86' lang='lat' dir='ltr'>MDCCCLVH</span> <span class='ocrx_word' id='word_1_17' title='bbox 699 756 822 806; x_wconf 86' lang='lat' dir='ltr'>patre</span> <span class='ocrx_word' id='word_1_18' title='bbox 866 753 1140 806; x_wconf 87' lang='lat' dir='ltr'>Bernhardo,</span> <span class='ocrx_word' id='word_1_19' title='bbox 1193 757 1331 798; x_wconf 86' lang='lat' dir='ltr'>matre</span> <span class='ocrx_word' id='word_1_20' title='bbox 1376 755 1606 800; x_wconf 75' lang='lat' dir='ltr'>Hem-ietta</span> <span class='ocrx_word' id='word_1_21' title='bbox 1651 769 1675 800; x_wconf 91' lang='lat' dir='ltr'>e</span> <span class='ocrx_word' id='word_1_22' title='bbox 1723 760 1849 811; x_wconf 89' lang='lat' dir='ltr'>gente</span> 
     </span>
     <span class='ocr_line' id='line_1_5' title="bbox 318 828 1850 887; baseline 0.003 -16"><span class='ocrx_word' id='word_1_23' title='bbox 318 829 600 881; x_wconf 83' lang='lat' dir='ltr'>Hollaender,</span> <span class='ocrx_word' id='word_1_24' title='bbox 633 828 843 872; x_wconf 88' lang='lat' dir='ltr'>ambobus</span> <span class='ocrx_word' id='word_1_25' title='bbox 874 828 1189 882; x_wconf 76' lang='lat' dir='ltr'>superstitibus.</span> <span class='ocrx_word' id='word_1_26' title='bbox 1267 830 1434 884; x_wconf 82' lang='lat' dir='ltr'>Quibus</span> <span class='ocrx_word' id='word_1_27' title='bbox 1464 835 1513 875; x_wconf 87' lang='lat' dir='ltr'>ut</span> <span class='ocrx_word' id='word_1_28' title='bbox 1548 832 1729 887; x_wconf 90' lang='lat' dir='ltr'>benigno</span> <span class='ocrx_word' id='word_1_29' title='bbox 1761 833 1850 876; x_wconf 82' lang='lat' dir='ltr'>sato</span> 
     </span>
     <span class='ocr_line' id='line_1_6' title="bbox 319 904 1848 961; baseline 0.004 -15"><span class='ocrx_word' id='word_1_30' title='bbox 319 905 451 947; x_wconf 85' lang='lat' dir='ltr'>vitam</span> <span class='ocrx_word' id='word_1_31' title='bbox 483 904 526 947; x_wconf 94' lang='lat' dir='ltr'>in</span> <span class='ocrx_word' id='word_1_32' title='bbox 554 907 791 947; x_wconf 80' lang='lat' dir='ltr'><strong>extremam</strong></span> <span class='ocrx_word' id='word_1_33' title='bbox 814 907 1077 947; x_wconf 88' lang='lat' dir='ltr'>senectutem</span> <span class='ocrx_word' id='word_1_34' title='bbox 1099 905 1335 958; x_wconf 90' lang='lat' dir='ltr'>producere</span> <span class='ocrx_word' id='word_1_35' title='bbox 1357 906 1576 961; x_wconf 85' lang='lat' dir='ltr'>contingat</span> <span class='ocrx_word' id='word_1_36' title='bbox 1595 911 1685 951; x_wconf 83' lang='lat' dir='ltr'>toto</span> <span class='ocrx_word' id='word_1_37' title='bbox 1707 907 1848 952; x_wconf 92' lang='lat' dir='ltr'>animo</span> 
     </span>
     <span class='ocr_line' id='line_1_7' title="bbox 317 980 1849 1037; baseline 0.003 -14"><span class='ocrx_word' id='word_1_38' title='bbox 317 993 481 1034; x_wconf 80' lang='lat' dir='ltr'>precor.</span> <span class='ocrx_word' id='word_1_39' title='bbox 542 980 665 1024; x_wconf 86' lang='lat' dir='ltr'>Fidei</span> <span class='ocrx_word' id='word_1_40' title='bbox 698 980 896 1023; x_wconf 88' lang='lat' dir='ltr'>addictus</span> <span class='ocrx_word' id='word_1_41' title='bbox 927 993 1021 1024; x_wconf 89' lang='lat' dir='ltr'>sum</span> <span class='ocrx_word' id='word_1_42' title='bbox 1049 980 1258 1025; x_wconf 90' lang='lat' dir='ltr'>iudaicae.</span> <span class='ocrx_word' id='word_1_43' title='bbox 1319 982 1584 1026; x_wconf 81' lang='lat' dir='ltr'>Litterarum</span> <span class='ocrx_word' id='word_1_44' title='bbox 1605 983 1849 1037; x_wconf 85' lang='lat' dir='ltr'>primordiis</span> 
     </span>
     <span class='ocr_line' id='line_1_8' title="bbox 315 1055 1848 1114; baseline 0.003 -15"><span class='ocrx_word' id='word_1_45' title='bbox 315 1056 357 1099; x_wconf 89' lang='lat' dir='ltr'>in</span> <span class='ocrx_word' id='word_1_46' title='bbox 389 1055 531 1109; x_wconf 82' lang='lat' dir='ltr'>patria</span> <span class='ocrx_word' id='word_1_47' title='bbox 560 1055 750 1099; x_wconf 92' lang='lat' dir='ltr'>imbutus</span> <span class='ocrx_word' id='word_1_48' title='bbox 788 1059 1018 1100; x_wconf 87' lang='lat' dir='ltr'>auctumno</span> <span class='ocrx_word' id='word_1_49' title='bbox 1065 1057 1163 1100; x_wconf 91' lang='lat' dir='ltr'>anni</span> <span class='ocrx_word' id='word_1_50' title='bbox 1207 1061 1317 1100; x_wconf 90' lang='lat'>1868</span> <span class='ocrx_word' id='word_1_51' title='bbox 1363 1059 1635 1113; x_wconf 84' lang='lat' dir='ltr'>gymnasium</span> <span class='ocrx_word' id='word_1_52' title='bbox 1681 1059 1848 1114; x_wconf 90' lang='lat' dir='ltr'>regium</span> 
     </span>
     <span class='ocr_line' id='line_1_9' title="bbox 317 1132 1849 1190; baseline 0.003 -16"><span class='ocrx_word' id='word_1_53' title='bbox 317 1132 618 1175; x_wconf 89' lang='lat' dir='ltr'>Ratiboriense</span> <span class='ocrx_word' id='word_1_54' title='bbox 669 1132 777 1184; x_wconf 88' lang='lat' dir='ltr'>adii,</span> <span class='ocrx_word' id='word_1_55' title='bbox 830 1132 941 1185; x_wconf 92' lang='lat' dir='ltr'>quod</span> <span class='ocrx_word' id='word_1_56' title='bbox 993 1135 1095 1176; x_wconf 90' lang='lat' dir='ltr'>tunc</span> <span class='ocrx_word' id='word_1_57' title='bbox 1146 1133 1366 1187; x_wconf 85' lang='lat' dir='ltr'>Gaedkio,</span> <span class='ocrx_word' id='word_1_58' title='bbox 1419 1134 1571 1178; x_wconf 91' lang='lat' dir='ltr'>deinde</span> <span class='ocrx_word' id='word_1_59' title='bbox 1620 1135 1849 1190; x_wconf 87' lang='lat' dir='ltr'>Rudolpho</span> 
     </span>
     <span class='ocr_line' id='line_1_10' title="bbox 316 1208 1849 1263; baseline 0.003 -12"><span class='ocrx_word' id='word_1_60' title='bbox 316 1208 595 1261; x_wconf 88' lang='lat' dir='ltr'>Kuenstlero,</span> <span class='ocrx_word' id='word_1_61' title='bbox 626 1208 719 1252; x_wconf 83' lang='lat' dir='ltr'>viro</span> <span class='ocrx_word' id='word_1_62' title='bbox 752 1208 924 1262; x_wconf 81' lang='lat' dir='ltr'>egregie</span> <span class='ocrx_word' id='word_1_63' title='bbox 955 1208 1008 1251; x_wconf 89' lang='lat' dir='ltr'>de</span> <span class='ocrx_word' id='word_1_64' title='bbox 1039 1208 1192 1252; x_wconf 90' lang='lat' dir='ltr'>studiis</span> <span class='ocrx_word' id='word_1_65' title='bbox 1224 1209 1329 1252; x_wconf 87' lang='lat' dir='ltr'>meis</span> <span class='ocrx_word' id='word_1_66' title='bbox 1361 1210 1527 1263; x_wconf 90' lang='lat' dir='ltr'>merito,</span> <span class='ocrx_word' id='word_1_67' title='bbox 1566 1210 1849 1255; x_wconf 83' lang='lat' dir='ltr'>directoribus</span> 
     </span>
     <span class='ocr_line' id='line_1_11' title="bbox 316 1284 1849 1338; baseline 0.003 -11"><span class='ocrx_word' id='word_1_68' title='bbox 316 1284 512 1327; x_wconf 86' lang='lat' dir='ltr'>florebat.</span> <span class='ocrx_word' id='word_1_69' title='bbox 559 1284 703 1328; x_wconf 91' lang='lat' dir='ltr'>Huius</span> <span class='ocrx_word' id='word_1_70' title='bbox 730 1284 812 1327; x_wconf 87' lang='lat' dir='ltr'>viri</span> <span class='ocrx_word' id='word_1_71' title='bbox 843 1288 1121 1338; x_wconf 89' lang='lat' dir='ltr'>praematura</span> <span class='ocrx_word' id='word_1_72' title='bbox 1151 1288 1289 1328; x_wconf 90' lang='lat' dir='ltr'>morte</span> <span class='ocrx_word' id='word_1_73' title='bbox 1321 1285 1475 1329; x_wconf 89' lang='lat' dir='ltr'>litteris</span> <span class='ocrx_word' id='word_1_74' title='bbox 1506 1290 1548 1329; x_wconf 90' lang='lat' dir='ltr'>et</span> <span class='ocrx_word' id='word_1_75' title='bbox 1568 1287 1743 1330; x_wconf 89' lang='lat' dir='ltr'>scholae</span> <span class='ocrx_word' id='word_1_76' title='bbox 1774 1289 1849 1331; x_wconf 90' lang='lat' dir='ltr'>ab·</span> 
     </span>
     <span class='ocr_line' id='line_1_12' title="bbox 316 1359 1850 1414; baseline 0.002 -11"><span class='ocrx_word' id='word_1_77' title='bbox 316 1360 428 1414; x_wconf 91' lang='lat' dir='ltr'>repti</span> <span class='ocrx_word' id='word_1_78' title='bbox 458 1361 709 1403; x_wconf 85' lang='lat' dir='ltr'>memoriam</span> <span class='ocrx_word' id='word_1_79' title='bbox 740 1363 864 1414; x_wconf 90' lang='lat' dir='ltr'>grato</span> <span class='ocrx_word' id='word_1_80' title='bbox 896 1359 1038 1403; x_wconf 90' lang='lat' dir='ltr'>animo</span> <span class='ocrx_word' id='word_1_81' title='bbox 1060 1361 1201 1403; x_wconf 90' lang='lat' dir='ltr'>colere</span> <span class='ocrx_word' id='word_1_82' title='bbox 1221 1373 1305 1404; x_wconf 93' lang='lat' dir='ltr'>non</span> <span class='ocrx_word' id='word_1_83' title='bbox 1327 1361 1534 1404; x_wconf 87' lang='lat' dir='ltr'>desinam.</span> <span class='ocrx_word' id='word_1_84' title='bbox 1585 1362 1850 1406; x_wconf 86' lang='lat' dir='ltr'>Maturitatis</span> 
     </span>
     <span class='ocr_line' id='line_1_13' title="bbox 316 1436 1849 1491; baseline 0.002 -12"><span class='ocrx_word' id='word_1_85' title='bbox 316 1436 559 1480; x_wconf 90' lang='lat' dir='ltr'>testimonio</span> <span class='ocrx_word' id='word_1_86' title='bbox 590 1437 826 1481; x_wconf 87' lang='lat' dir='ltr'>instructus</span> <span class='ocrx_word' id='word_1_87' title='bbox 857 1449 961 1480; x_wconf 83' lang='lat' dir='ltr'>vere</span> <span class='ocrx_word' id='word_1_88' title='bbox 992 1436 1091 1479; x_wconf 90' lang='lat' dir='ltr'>anni</span> <span class='ocrx_word' id='word_1_89' title='bbox 1126 1440 1236 1479; x_wconf 86' lang='lat'>1875</span> <span class='ocrx_word' id='word_1_90' title='bbox 1267 1437 1517 1481; x_wconf 90' lang='lat' dir='ltr'>Berolinum</span> <span class='ocrx_word' id='word_1_91' title='bbox 1564 1451 1630 1481; x_wconf 92' lang='lat' dir='ltr'>me</span> <span class='ocrx_word' id='word_1_92' title='bbox 1676 1439 1849 1491; x_wconf 89' lang='lat' dir='ltr'>contuli,</span> 
     </span>
     <span class='ocr_line' id='line_1_14' title="bbox 315 1513 1851 1568; baseline 0.001 -13"><span class='ocrx_word' id='word_1_93' title='bbox 315 1516 366 1555; x_wconf 91' lang='lat' dir='ltr'>ut</span> <span class='ocrx_word' id='word_1_94' title='bbox 396 1524 424 1555; x_wconf 92' lang='lat' dir='ltr'>a</span> <span class='ocrx_word' id='word_1_95' title='bbox 442 1513 709 1556; x_wconf 88' lang='lat' dir='ltr'>Mommseno</span> <span class='ocrx_word' id='word_1_96' title='bbox 739 1513 851 1556; x_wconf 88' lang='lat' dir='ltr'>inter</span> <span class='ocrx_word' id='word_1_97' title='bbox 871 1513 989 1556; x_wconf 81' lang='lat' dir='ltr'>cives</span> <span class='ocrx_word' id='word_1_98' title='bbox 1016 1513 1287 1556; x_wconf 79' lang='lat' dir='ltr'>academicos</span> <span class='ocrx_word' id='word_1_99' title='bbox 1319 1513 1561 1566; x_wconf 89' lang='lat' dir='ltr'>adscriptus</span> <span class='ocrx_word' id='word_1_100' title='bbox 1591 1514 1851 1568; x_wconf 82' lang='lat' dir='ltr'>philologiae</span> 
     </span>
     <span class='ocr_line' id='line_1_15' title="bbox 319 1588 1850 1633; baseline 0 -1"><span class='ocrx_word' id='word_1_101' title='bbox 319 1592 364 1632; x_wconf 92' lang='lat' dir='ltr'>et</span> <span class='ocrx_word' id='word_1_102' title='bbox 393 1588 600 1632; x_wconf 86' lang='lat' dir='ltr'>historiae</span> <span class='ocrx_word' id='word_1_103' title='bbox 631 1589 785 1632; x_wconf 90' lang='lat' dir='ltr'>studiis</span> <span class='ocrx_word' id='word_1_104' title='bbox 816 1602 883 1632; x_wconf 91' lang='lat' dir='ltr'>me</span> <span class='ocrx_word' id='word_1_105' title='bbox 921 1589 1134 1632; x_wconf 91' lang='lat' dir='ltr'>dederem.</span> <span class='ocrx_word' id='word_1_106' title='bbox 1211 1589 1297 1631; x_wconf 91' lang='lat' dir='ltr'>Per</span> <span class='ocrx_word' id='word_1_107' title='bbox 1342 1589 1475 1632; x_wconf 89' lang='lat' dir='ltr'>octies</span> <span class='ocrx_word' id='word_1_108' title='bbox 1521 1601 1647 1632; x_wconf 91' lang='lat' dir='ltr'>senos</span> <span class='ocrx_word' id='word_1_109' title='bbox 1683 1601 1850 1633; x_wconf 88' lang='lat' dir='ltr'>menses</span> 
     </span>
     <span class='ocr_line' id='line_1_16' title="bbox 319 1664 1850 1718; baseline 0.001 -10"><span class='ocrx_word' id='word_1_110' title='bbox 319 1665 476 1708; x_wconf 90' lang='lat' dir='ltr'>scholis</span> <span class='ocrx_word' id='word_1_111' title='bbox 527 1665 719 1717; x_wconf 82' lang='lat' dir='ltr'>interfui,</span> <span class='ocrx_word' id='word_1_112' title='bbox 766 1676 873 1718; x_wconf 90' lang='lat' dir='ltr'>quas</span> <span class='ocrx_word' id='word_1_113' title='bbox 931 1664 1173 1707; x_wconf 83' lang='lat' dir='ltr'>habuerunt</span> <span class='ocrx_word' id='word_1_114' title='bbox 1225 1664 1306 1707; x_wconf 86' lang='lat' dir='ltr'>viri</span> <span class='ocrx_word' id='word_1_115' title='bbox 1359 1664 1608 1708; x_wconf 86' lang='lat' dir='ltr'>clarissimi:</span> <span class='ocrx_word' id='word_1_116' title='bbox 1661 1664 1850 1717; x_wconf 85' lang='lat' dir='ltr'>Curtius,</span> 
     </span>
     <span class='ocr_line' id='line_1_17' title="bbox 317 1740 1851 1797; baseline -0.001 -13"><span class='ocrx_word' id='word_1_117' title='bbox 317 1741 362 1784; x_wconf 85' lang='lat' dir='ltr'>J.</span> <span class='ocrx_word' id='word_1_118' title='bbox 386 1741 440 1785; x_wconf 80' lang='lat' dir='ltr'>G.</span> <span class='ocrx_word' id='word_1_119' title='bbox 463 1741 663 1796; x_wconf 82' lang='lat' dir='ltr'>Droysen</span> <span class='ocrx_word' id='word_1_120' title='bbox 694 1740 770 1797; x_wconf 84' lang='lat'>(†)‚</span> <span class='ocrx_word' id='word_1_121' title='bbox 802 1741 999 1794; x_wconf 81' lang='lat' dir='ltr'>Hiibner,</span> <span class='ocrx_word' id='word_1_122' title='bbox 1030 1741 1085 1783; x_wconf 91' lang='lat' dir='ltr'>A.</span> <span class='ocrx_word' id='word_1_123' title='bbox 1115 1740 1355 1794; x_wconf 86' lang='lat' dir='ltr'>Kirchhoff,</span> <span class='ocrx_word' id='word_1_124' title='bbox 1385 1741 1568 1793; x_wconf 84' lang='lat' dir='ltr'>Lasson,</span> <span class='ocrx_word' id='word_1_125' title='bbox 1598 1741 1851 1794; x_wconf 82' lang='lat' dir='ltr'>Mommsen,</span> 
     </span>
     <span class='ocr_line' id='line_1_18' title="bbox 319 1816 1850 1870; baseline 0 -11"><span class='ocrx_word' id='word_1_126' title='bbox 319 1816 516 1869; x_wconf 89' lang='lat' dir='ltr'>Nitzsch‚</span> <span class='ocrx_word' id='word_1_127' title='bbox 562 1817 717 1870; x_wconf 88' lang='lat' dir='ltr'>Prutz,</span> <span class='ocrx_word' id='word_1_128' title='bbox 768 1817 951 1870; x_wconf 86' lang='lat' dir='ltr'>Robert,</span> <span class='ocrx_word' id='word_1_129' title='bbox 998 1816 1231 1869; x_wconf 90' lang='lat' dir='ltr'>Steinthal,</span> <span class='ocrx_word' id='word_1_130' title='bbox 1276 1829 1318 1859; x_wconf 88' lang='lat' dir='ltr'>v.</span> <span class='ocrx_word' id='word_1_131' title='bbox 1350 1816 1623 1869; x_wconf 88' lang='lat' dir='ltr'>Treitschke,</span> <span class='ocrx_word' id='word_1_132' title='bbox 1668 1817 1850 1869; x_wconf 81' lang='lat' dir='ltr'>Vahlen,</span> 
     </span>
     <span class='ocr_line' id='line_1_19' title="bbox 318 1891 1851 1946; baseline -0.001 -10"><span class='ocrx_word' id='word_1_133' title='bbox 318 1893 472 1936; x_wconf 88' lang='lat' dir='ltr'>Zeller.</span> <span class='ocrx_word' id='word_1_134' title='bbox 534 1892 770 1936; x_wconf 89' lang='lat' dir='ltr'>Praeterea</span> <span class='ocrx_word' id='word_1_135' title='bbox 798 1892 882 1935; x_wconf 82' lang='lat' dir='ltr'>viri</span> <span class='ocrx_word' id='word_1_136' title='bbox 917 1892 1150 1935; x_wconf 88' lang='lat' dir='ltr'>memoriae</span> <span class='ocrx_word' id='word_1_137' title='bbox 1181 1895 1383 1935; x_wconf 86' lang='lat' dir='ltr'>aeternae</span> <span class='ocrx_word' id='word_1_138' title='bbox 1417 1892 1461 1935; x_wconf 82' lang='lat' dir='ltr'>J.</span> <span class='ocrx_word' id='word_1_139' title='bbox 1495 1891 1551 1936; x_wconf 79' lang='lat' dir='ltr'>G.</span> <span class='ocrx_word' id='word_1_140' title='bbox 1582 1893 1779 1946; x_wconf 87' lang='lat' dir='ltr'>Droysen</span> <span class='ocrx_word' id='word_1_141' title='bbox 1810 1896 1851 1935; x_wconf 87' lang='lat' dir='ltr'>et</span> 
     </span>
     <span class='ocr_line' id='line_1_20' title="bbox 320 1967 1852 2022; baseline -0.001 -10"><span class='ocrx_word' id='word_1_142' title='bbox 320 1968 513 2022; x_wconf 79' lang='lat' dir='ltr'>Nitzsch‚</span> <span class='ocrx_word' id='word_1_143' title='bbox 544 1972 595 2012; x_wconf 92' lang='lat' dir='ltr'>ut</span> <span class='ocrx_word' id='word_1_144' title='bbox 623 1968 941 2020; x_wconf 91' lang='lat' dir='ltr'>historicarum,</span> <span class='ocrx_word' id='word_1_145' title='bbox 977 1968 1033 2010; x_wconf 86' lang='lat' dir='ltr'>A.</span> <span class='ocrx_word' id='word_1_146' title='bbox 1066 1967 1299 2011; x_wconf 87' lang='lat' dir='ltr'>Kirchhoff</span> <span class='ocrx_word' id='word_1_147' title='bbox 1324 1971 1368 2010; x_wconf 87' lang='lat' dir='ltr'>et</span> <span class='ocrx_word' id='word_1_148' title='bbox 1397 1967 1565 2010; x_wconf 90' lang='lat' dir='ltr'>Vahlen</span> <span class='ocrx_word' id='word_1_149' title='bbox 1602 1971 1651 2011; x_wconf 90' lang='lat' dir='ltr'>ut</span> <span class='ocrx_word' id='word_1_150' title='bbox 1686 1967 1852 2022; x_wconf 89' lang='lat' dir='ltr'>epigra-</span> 
     </span>
     <span class='ocr_line' id='line_1_21' title="bbox 321 2043 1852 2099; baseline -0.001 -11"><span class='ocrx_word' id='word_1_151' title='bbox 321 2044 545 2099; x_wconf 90' lang='lat' dir='ltr'>phicarum</span> <span class='ocrx_word' id='word_1_152' title='bbox 595 2049 639 2088; x_wconf 92' lang='lat' dir='ltr'>et</span> <span class='ocrx_word' id='word_1_153' title='bbox 684 2044 1044 2098; x_wconf 86' lang='lat' dir='ltr'>philologicarum</span> <span class='ocrx_word' id='word_1_154' title='bbox 1092 2043 1447 2087; x_wconf 85' lang='lat' dir='ltr'>exercitationum</span> <span class='ocrx_word' id='word_1_155' title='bbox 1505 2043 1666 2087; x_wconf 90' lang='lat' dir='ltr'>sodalis</span> <span class='ocrx_word' id='word_1_156' title='bbox 1713 2056 1852 2087; x_wconf 89' lang='lat' dir='ltr'>essem</span> 
     </span>
     <span class='ocr_line' id='line_1_22' title="bbox 323 2118 1852 2175; baseline -0.002 -11"><span class='ocrx_word' id='word_1_157' title='bbox 323 2120 503 2175; x_wconf 89' lang='lat' dir='ltr'>benigne</span> <span class='ocrx_word' id='word_1_158' title='bbox 555 2124 868 2164; x_wconf 90' lang='lat' dir='ltr'>concesserunt.</span> <span class='ocrx_word' id='word_1_159' title='bbox 961 2119 1128 2174; x_wconf 80' lang='lat' dir='ltr'>Quibus</span> <span class='ocrx_word' id='word_1_160' title='bbox 1179 2119 1283 2162; x_wconf 83' lang='lat' dir='ltr'>viris</span> <span class='ocrx_word' id='word_1_161' title='bbox 1335 2119 1531 2162; x_wconf 90' lang='lat' dir='ltr'>omnibus</span> <span class='ocrx_word' id='word_1_162' title='bbox 1582 2118 1852 2172; x_wconf 82' lang='lat' dir='ltr'>doctissimis,</span> 
     </span>
     <span class='ocr_line' id='line_1_23' title="bbox 321 2193 1852 2251; baseline -0.003 -11"><span class='ocrx_word' id='word_1_163' title='bbox 321 2210 501 2251; x_wconf 92' lang='lat' dir='ltr'>quorum</span> <span class='ocrx_word' id='word_1_164' title='bbox 536 2196 764 2251; x_wconf 89' lang='lat' dir='ltr'>disciplina</span> <span class='ocrx_word' id='word_1_165' title='bbox 800 2196 993 2239; x_wconf 90' lang='lat' dir='ltr'>eruditus</span> <span class='ocrx_word' id='word_1_166' title='bbox 1031 2208 1139 2248; x_wconf 89' lang='lat' dir='ltr'>sum,</span> <span class='ocrx_word' id='word_1_167' title='bbox 1185 2195 1349 2250; x_wconf 86' lang='lat' dir='ltr'>gratias</span> <span class='ocrx_word' id='word_1_168' title='bbox 1397 2207 1478 2249; x_wconf 82' lang='lat' dir='ltr'>ago</span> <span class='ocrx_word' id='word_1_169' title='bbox 1524 2193 1852 2238; x_wconf 85' lang='lat' dir='ltr'>candidissimas</span> 
     </span>
     <span class='ocr_line' id='line_1_24' title="bbox 321 2269 1894 2327; baseline -0.003 -10"><span class='ocrx_word' id='word_1_170' title='bbox 321 2286 574 2327; x_wconf 85' lang='lat' dir='ltr'>semperque</span> <span class='ocrx_word' id='word_1_171' title='bbox 596 2273 777 2317; x_wconf 92' lang='lat' dir='ltr'>habebo.</span> <span class='ocrx_word' id='word_1_172' title='bbox 817 2271 1024 2317; x_wconf 89' lang='lat' dir='ltr'>Societati</span> <span class='ocrx_word' id='word_1_173' title='bbox 1047 2271 1321 2315; x_wconf 82' lang='lat' dir='ltr'>academicae</span> <span class='ocrx_word' id='word_1_174' title='bbox 1352 2270 1636 2324; x_wconf 89' lang='lat' dir='ltr'>philologicae</span> <span class='ocrx_word' id='word_1_175' title='bbox 1667 2282 1743 2323; x_wconf 91' lang='lat' dir='ltr'>per</span> <span class='ocrx_word' id='word_1_176' title='bbox 1765 2273 1853 2313; x_wconf 87' lang='lat' dir='ltr'>stu·</span> <span class='ocrx_word' id='word_1_177' title='bbox 1892 2269 1894 2271; x_wconf 82' lang='grc'><strong>’</strong></span> 
     </span>
     <span class='ocr_line' id='line_1_25' title="bbox 321 2345 1853 2403; baseline -0.003 -10"><span class='ocrx_word' id='word_1_178' title='bbox 321 2350 487 2393; x_wconf 90' lang='lat' dir='ltr'>diorum</span> <span class='ocrx_word' id='word_1_179' title='bbox 522 2362 714 2393; x_wconf 92' lang='lat' dir='ltr'>meorum</span> <span class='ocrx_word' id='word_1_180' title='bbox 746 2348 1072 2403; x_wconf 89' lang='lat' dir='ltr'>quadriennium</span> <span class='ocrx_word' id='word_1_181' title='bbox 1109 2347 1283 2391; x_wconf 88' lang='lat' dir='ltr'>interfui</span> <span class='ocrx_word' id='word_1_182' title='bbox 1315 2350 1359 2390; x_wconf 91' lang='lat' dir='ltr'>et</span> <span class='ocrx_word' id='word_1_183' title='bbox 1405 2345 1468 2389; x_wconf 90' lang='lat' dir='ltr'>bis</span> <span class='ocrx_word' id='word_1_184' title='bbox 1514 2358 1639 2389; x_wconf 88' lang='lat' dir='ltr'>senos</span> <span class='ocrx_word' id='word_1_185' title='bbox 1685 2358 1853 2389; x_wconf 88' lang='lat' dir='ltr'>menses</span> 
     </span>
     <span class='ocr_line' id='line_1_26' title="bbox 322 2422 1855 2480; baseline -0.004 -10"><span class='ocrx_word' id='word_1_186' title='bbox 322 2425 501 2480; x_wconf 86' lang='lat' dir='ltr'>praefui.</span> <span class='ocrx_word' id='word_1_187' title='bbox 582 2425 699 2469; x_wconf 86' lang='lat' dir='ltr'>Anni</span> <span class='ocrx_word' id='word_1_188' title='bbox 749 2429 860 2468; x_wconf 87' lang='grc'>1880</span> <span class='ocrx_word' id='word_1_189' title='bbox 906 2437 1053 2468; x_wconf 90' lang='lat' dir='ltr'>mense</span> <span class='ocrx_word' id='word_1_190' title='bbox 1097 2423 1229 2467; x_wconf 84' lang='lat' dir='ltr'>Junio</span> <span class='ocrx_word' id='word_1_191' title='bbox 1276 2422 1471 2466; x_wconf 86' lang='lat' dir='ltr'>examine</span> <span class='ocrx_word' id='word_1_192' title='bbox 1523 2434 1601 2475; x_wconf 89' lang='lat' dir='ltr'>pro</span> <span class='ocrx_word' id='word_1_193' title='bbox 1649 2422 1855 2465; x_wconf 80' lang='lat' dir='ltr'>facultate</span> 
     </span>
    </p>
   </div>
   <div class='ocr_carea' id='block_1_3' title="bbox 322 2491 1927 2557">
    <p class='ocr_par' dir='ltr' id='par_1_3' title="bbox 322 2491 1927 2557">
     <span class='ocr_line' id='line_1_27' title="bbox 322 2491 1927 2557; baseline -0.004 -10"><span class='ocrx_word' id='word_1_194' title='bbox 322 2503 501 2547; x_wconf 90' lang='lat' dir='ltr'>docendi</span> <span class='ocrx_word' id='word_1_195' title='bbox 552 2503 760 2557; x_wconf 88' lang='lat' dir='ltr'>probatus</span> <span class='ocrx_word' id='word_1_196' title='bbox 813 2491 1005 2544; x_wconf 88' lang='lat' dir='ltr'>eiusdem</span> <span class='ocrx_word' id='word_1_197' title='bbox 1053 2499 1153 2543; x_wconf 90' lang='lat' dir='ltr'>anni</span> <span class='ocrx_word' id='word_1_198' title='bbox 1208 2502 1444 2543; x_wconf 81' lang='lat' dir='ltr'>auctumno</span> <span class='ocrx_word' id='word_1_199' title='bbox 1503 2497 1853 2551; x_wconf 86' lang='lat' dir='ltr'>praeceptoribus</span> <span class='ocrx_word' id='word_1_200' title='bbox 1925 2527 1927 2531; x_wconf 86' lang='lat'><em>.</em></span> 
     </span>
    </p>
   </div>
   <div class='ocr_carea' id='block_1_4' title="bbox 321 2572 1854 3013">
    <p class='ocr_par' dir='ltr' id='par_1_4' title="bbox 321 2572 1854 3013">
     <span class='ocr_line' id='line_1_28' title="bbox 321 2572 1854 2635; baseline -0.005 -12"><span class='ocrx_word' id='word_1_201' title='bbox 321 2579 553 2635; x_wconf 85' lang='lat' dir='ltr'>gymnasii,</span> <span class='ocrx_word' id='word_1_202' title='bbox 600 2579 713 2632; x_wconf 91' lang='lat' dir='ltr'>quod</span> <span class='ocrx_word' id='word_1_203' title='bbox 759 2581 916 2621; x_wconf 87' lang='lat' dir='ltr'>vocant</span> <span class='ocrx_word' id='word_1_204' title='bbox 960 2578 1096 2630; x_wconf 90' lang='lat' dir='ltr'>reale,</span> <span class='ocrx_word' id='word_1_205' title='bbox 1144 2573 1434 2630; x_wconf 86' lang='lat' dir='ltr'>auspiciisque</span> <span class='ocrx_word' id='word_1_206' title='bbox 1481 2572 1726 2626; x_wconf 84' lang='lat' dir='ltr'>Schwalbii,</span> <span class='ocrx_word' id='word_1_207' title='bbox 1773 2572 1854 2616; x_wconf 90' lang='lat' dir='ltr'>viri</span> 
     </span>
     <span class='ocr_line' id='line_1_29' title="bbox 322 2651 1854 2707; baseline -0.006 -8"><span class='ocrx_word' id='word_1_208' title='bbox 322 2655 559 2699; x_wconf 90' lang='lat' dir='ltr'>doctissimi</span> <span class='ocrx_word' id='word_1_209' title='bbox 591 2658 634 2698; x_wconf 90' lang='lat' dir='ltr'>et</span> <span class='ocrx_word' id='word_1_210' title='bbox 664 2653 977 2707; x_wconf 90' lang='lat' dir='ltr'>humanissimi,</span> <span class='ocrx_word' id='word_1_211' title='bbox 1009 2653 1144 2705; x_wconf 84' lang='lat' dir='ltr'>floret,</span> <span class='ocrx_word' id='word_1_212' title='bbox 1176 2653 1437 2706; x_wconf 87' lang='lat' dir='ltr'>aggregatus</span> <span class='ocrx_word' id='word_1_213' title='bbox 1469 2662 1579 2702; x_wconf 85' lang='lat' dir='ltr'>sum,</span> <span class='ocrx_word' id='word_1_214' title='bbox 1616 2651 1666 2692; x_wconf 87' lang='lat' dir='ltr'>ut</span> <span class='ocrx_word' id='word_1_215' title='bbox 1695 2661 1854 2692; x_wconf 85' lang='lat' dir='ltr'>annum</span> 
     </span>
     <span class='ocr_line' id='line_1_30' title="bbox 322 2723 1853 2785; baseline -0.005 -10"><span class='ocrx_word' id='word_1_216' title='bbox 322 2731 505 2775; x_wconf 88' lang='lat' dir='ltr'>tirocinii</span> <span class='ocrx_word' id='word_1_217' title='bbox 537 2731 580 2774; x_wconf 95' lang='lat' dir='ltr'>in</span> <span class='ocrx_word' id='word_1_218' title='bbox 612 2731 758 2785; x_wconf 89' lang='lat' dir='ltr'>pueris</span> <span class='ocrx_word' id='word_1_219' title='bbox 790 2729 1061 2773; x_wconf 84' lang='lat' dir='ltr'>instituendis</span> <span class='ocrx_word' id='word_1_220' title='bbox 1083 2728 1365 2771; x_wconf 88' lang='lat' dir='ltr'>absolverem.</span> <span class='ocrx_word' id='word_1_221' title='bbox 1428 2726 1664 2778; x_wconf 89' lang='lat' dir='ltr'>Postquam</span> <span class='ocrx_word' id='word_1_222' title='bbox 1695 2723 1853 2767; x_wconf 89' lang='lat' dir='ltr'>ibidem</span> 
     </span>
     <span class='ocr_line' id='line_1_31' title="bbox 322 2801 1852 2861; baseline -0.007 -10"><span class='ocrx_word' id='word_1_223' title='bbox 322 2821 399 2861; x_wconf 89' lang='lat' dir='ltr'>per</span> <span class='ocrx_word' id='word_1_224' title='bbox 450 2812 544 2851; x_wconf 75' lang='lat' dir='ltr'>octo</span> <span class='ocrx_word' id='word_1_225' title='bbox 597 2819 731 2850; x_wconf 90' lang='lat' dir='ltr'>annos</span> <span class='ocrx_word' id='word_1_226' title='bbox 785 2805 979 2860; x_wconf 83' lang='lat' dir='ltr'>magistri</span> <span class='ocrx_word' id='word_1_227' title='bbox 1032 2803 1240 2848; x_wconf 88' lang='lat' dir='ltr'>adiutoris</span> <span class='ocrx_word' id='word_1_228' title='bbox 1293 2814 1466 2845; x_wconf 89' lang='lat' dir='ltr'>munere</span> <span class='ocrx_word' id='word_1_229' title='bbox 1519 2801 1690 2844; x_wconf 86' lang='lat' dir='ltr'>functus</span> <span class='ocrx_word' id='word_1_230' title='bbox 1743 2812 1852 2848; x_wconf 86' lang='lat' dir='ltr'>sum,</span> 
     </span>
     <span class='ocr_line' id='line_1_32' title="bbox 322 2874 1854 2931; baseline -0.007 -4"><span class='ocrx_word' id='word_1_231' title='bbox 322 2883 495 2927; x_wconf 88' lang='lat' dir='ltr'>tandem</span> <span class='ocrx_word' id='word_1_232' title='bbox 527 2895 673 2926; x_wconf 90' lang='lat' dir='ltr'>mense</span> <span class='ocrx_word' id='word_1_233' title='bbox 705 2881 883 2926; x_wconf 90' lang='lat' dir='ltr'>Octobri</span> <span class='ocrx_word' id='word_1_234' title='bbox 915 2881 1014 2924; x_wconf 90' lang='lat' dir='ltr'>anni</span> <span class='ocrx_word' id='word_1_235' title='bbox 1050 2883 1159 2923; x_wconf 88' lang='lat'>1889</span> <span class='ocrx_word' id='word_1_236' title='bbox 1191 2877 1382 2931; x_wconf 88' lang='lat' dir='ltr'>contigit,</span> <span class='ocrx_word' id='word_1_237' title='bbox 1415 2880 1463 2921; x_wconf 93' lang='lat' dir='ltr'>ut</span> <span class='ocrx_word' id='word_1_238' title='bbox 1494 2874 1697 2920; x_wconf 88' lang='lat' dir='ltr'>ordinarii</span> <span class='ocrx_word' id='word_1_239' title='bbox 1730 2886 1854 2928; x_wconf 85' lang='lat' dir='ltr'>prae·</span> 
     </span>
     <span class='ocr_line' id='line_1_33' title="bbox 323 2957 1238 3013; baseline -0.005 -10"><span class='ocrx_word' id='word_1_240' title='bbox 323 2959 508 3013; x_wconf 84' lang='lat' dir='ltr'>ceptoris</span> <span class='ocrx_word' id='word_1_241' title='bbox 541 2970 694 3002; x_wconf 91' lang='lat' dir='ltr'>munus</span> <span class='ocrx_word' id='word_1_242' title='bbox 726 2957 830 3001; x_wconf 91' lang='lat' dir='ltr'>mihi</span> <span class='ocrx_word' id='word_1_243' title='bbox 862 2957 1149 3000; x_wconf 88' lang='lat' dir='ltr'>mandaretur.</span> <span class='ocrx_word' id='word_1_244' title='bbox 1185 2980 1238 2986; x_wconf 91' lang='grc'>--</span> 
     </span>
    </p>
   </div>
   <div class='ocr_carea' id='block_1_5' title="bbox 988 3066 1227 3074">
    <p class='ocr_par' dir='ltr' id='par_1_5' title="bbox 988 3066 1227 3074">
     <span class='ocr_line' id='line_1_34' title="bbox 988 3066 1227 3074; baseline -0.004 -1"><span class='ocrx_word' id='word_1_245' title='bbox 988 3066 1227 3074; x_wconf 31' lang='lat' dir='ltr'>⁷-—‚..a.--„...-</span> 
     </span>
    </p>
   </div>
  </div>
 </body>
</html>
