2098 3406
905 306 1200 345 -11—

271 433 309 477 si
343 433 698 488 perpenderimus
729 438 773 477 et
803 445 936 477 unum
968 432 1077 475 illud
1115 433 1158 475 in
1191 431 1446 475 memoriam
1479 429 1836 474 revocaverimus

272 523 358 565 quo
390 511 486 554 loco
518 523 673 554 versus
704 510 852 554 iterati
883 514 985 554 sun't
1006 509 1180 553 omnino
1202 522 1288 553 non
1309 508 1539 564 copulatos
1561 519 1836 561 conexosque

273 601 369 632 esse
409 601 507 631 cum
545 588 700 631 vicinis
732 587 916 642 ideoque
955 587 1018 631 eis
1056 599 1136 631 nos
1183 599 1335 631 carere
1381 599 1530 641 posse⁷
1578 586 1702 629 nulla
1747 585 1835 628 iam

273 664 486 708 dubitatio
525 665 624 717 erit,
663 665 767 719 quin
804 665 951 719 priore
982 665 1078 708 loco
1110 677 1218 708 vera
1249 663 1515 718 Theognidis
1546 674 1704 705 manus
1737 674 1837 716 cog·

271 741 490 785 noscenda
520 741 589 785 sit.

389 819 488 874 Age
520 833 635 864 nune
665 820 895 864 videamus
926 819 980 863 de
1013 815 1227 863 versibus*
1247 821 1443 862 87—90:

445 901 517 958 Μὴ
550 904 590 957 μ’
624 903 748 945 ἔπεσεν
780 902 848 958 μὲν
880 904 1024 960 <step-523,
1053 905 1137 943 νόον
1167 902 1273 959 δ’ἐχε
1303 902 1366 943 καὶ
1396 902 1538 959 φρένας
1568 901 1674 956 ἄλλῃ

443 979 474 1020 εἴ
505 994 552 1034 με
584 980 707 1036 φιλεῖς
735 981 797 1021 καί
828 995 883 1036 σφ’.
914 980 1042 1025 πιστὸς
1071 980 1192 1021 ἔνεστι
1222 981 1317 1026 νόος.

434 1055 488 1097 Ἤ
519 1070 567 1110 με
599 1056 698 1113 φίλει
728 1056 896 1113 καθαρὸν
927 1057 1090 1110 θέμενος
1118 1059 1215 1106 νόον,
1245 1057 1272 1112 ἢ
1305 1057 1535 1111 μ’ἀποειπών

442 1133 606 1190 ἐχθαιρζ
638 1133 780 1190 ἀμφαδ’
773 1147 831 1188 ,ην
861 1138 981 1179 νεῖκος
1012 1135 1070 1174 ds.
1073 1137 1246 1190 ράμενος,

266 1215 344 1269 qui
380 1216 424 1259 in
463 1216 686 1260 codicibus
724 1216 769 1260 A
805 1220 849 1260 et
886 1217 925 1261 O
963 1220 1066 1271 post
1100 1230 1279 1261 versum
1316 1221 1428 1261 1082
1465 1218 1531 1261 ita
1560 1217 1725 1261 variati
1756 1217 1836 1260 ite·

269 1297 442 1346 rantur
490 1298 539 1337 ut
575 1307 654 1348 pro
693 1294 799 1349 ἄλλῃ
839 1294 1007 1340 ἄλλας..
1030 1308 1108 1348 pro
1155 1296 1181 1350 ἤ
1222 1310 1270 1349 με
1316 1295 1415 1351 φίλει
1462 1295 1569 1335 ἀλλὰ
1614 1294 1715 1351 φίλει
1757 1306 1835 1347 pro

268 1370 461 1427 ἀμφαδίην
500 1371 702 1428 ἐμφανέως
738 1372 1123 1416 substituerentur.
1185 1373 1285 1416 Hoc
1336 1373 1432 1416 loco
1469 1385 1555 1416 non
1601 1383 1836 1426 possumus

267 1447 378 1492 satis
425 1448 596 1501 mirari,
644 1449 759 1503 quod
806 1450 876 1492 vel
920 1450 1065 1493 Hiller
1108 1450 1177 1493 vir
1219 1449 1519 1503 doctissimum
1567 1449 1642 1503 qui
1689 1448 1836 1492 sobrio

269 1525 428 1568 indicio
467 1539 574 1569 usus
610 1539 696 1569 non
734 1531 826 1570 stat
862 1539 889 1570 a
926 1526 1127 1581 partibus
1166 1539 1337 1579 eorum,
1377 1526 1452 1580 qui
1493 1539 1668 1580 semper
1704 1526 1836 1569 itera·

269 1605 362 1644 tum
400 1603 543 1645 10011111
583 1616 662 1657 pro
698 1603 886 1657 genuino
926 1608 1097 1657 putent,
1137 1604 1196 1659 (J.
1232 1607 1366 1656 1886,
1406 1617 1447 1658 p.
1480 1604 1554 1658 58)
1593 1607 1639 1647 et
1677 1603 1836 1647 Sitzler

271 1678 342 1733 (N.
366 1678 447 1721 Ph.
469 1680 521 1722 R.
548 1684 675 1733 1886,
698 1694 740 1735 p.
764 1682 868 1736 242)
901 1685 1002 1724 utra
1034 1681 1162 1724 lectio
1195 1680 1324 1724 alteri
1352 1681 1411 1724 sit
1440 1681 1728 1735 praeferenda
1758 1681 1835 1724 du-

271 1754 424 1798 bitant.
488 1756 596 1811 Quis
643 1757 756 1800 enim
805 1762 891 1810 est,
939 1758 1043 1811 quin
1089 1758 1302 1801 librorum
1348 1759 1392 1801 in
1436 1757 1624 1802 'examen
1666 1759 1835 1802 vocatis

270 1831 531 1877 lectionibus
569 1833 719 1878 statim
758 1834 986 1891 intellegat
1032 1836 1254 1890 glossema
1293 1835 1495 1893 ἐμφανέως
1532 1836 1676 1879 10011111
1715 1836 1834 1879 vocis

267 1910 484 1964 genuinae
523 1911 790 1965 occupasse.¹
855 1912 1019 1955 Forma
1058 1912 1257 1956 adverbii
1294 1911 1491 1971 ἀμφαδίην
1518 1912 1681 1967 legitur
1717 1913 1834 1967 apud

268 1986 508 2031 Homerum
557 1988 609 2031 Il.
657 1988 715 2032 H.
767 1993 870 2042 196,
911 1990 954 2032 Ν
999 1993 1103 2042 356,
1151 1990 1232 2034 Od.
1279 2004 1297 2030 ε
1345 1993 1441 2042 120,
1490 1990 1669 2047 ἀμφαόην
1717 1991 1834 2044 apud

268 2062 582 2108 Archilochum
617 2068 686 2117 66,
719 2070 747 2108 4
778 2067 927 2122 Bergk
959 2067 1048 2123 (32,
1070 2072 1099 2110 4
1129 2067 1306 2123 Hiller).

625 2154 699 2196 Καὶ
730 2159 828 2212 μήτε
858 2160 968 2197 νικῶν
1000 2156 1179 2213 ἀμφάῧην
1211 2157 1392 2212 ἀγάλλει),

625 2236 722 2289 μήτε
753 2233 919 2288 νικηθεὶς
951 2233 990 2274 ἐν
1021 2235 1110 2290 obeo»
1144 2233 1368 2275 καταπεσὼν
1399 2234 1559 2292 ὀῧὺρεοῖ2

268 2320 364 2375 Ego
402 2321 575 2375 quidem
613 2323 760 2366 nullus
799 2323 970 2376 dubito⁷
1003 2323 1106 2376 quin
1139 2324 1275 2367 etiam
1307 2323 1413 2378 ἄλλῃ
1445 2323 1490 2367 111
1521 2325 1605 2369 fine
1638 2339 1678 2368 v.
1703 2329 1757 2368 87
1792 2329 1835 2369 et

268 2398 294 2452 ἠ
328 2411 376 2451 με
411 2398 455 2441 111
493 2399 671 2443 exordio
711 2414 751 2443 v.
782 2404 838 2442 89
877 2400 1119 2454 simplicius
1157 2413 1210 2444 ac
1248 2401 1395 2445 verius
1433 2401 1550 2446 dicta
1583 2403 1670 2446 sint
1702 2415 1833 2456 quam

267 2486 383 2527 quae
419 2475 731 2528 initeratione
770 2477 813 2520 in
851 2490 1003 2521 eorum
1041 2478 1184 2521 locum
1223 2479 1466 2523 substituta
1503 2484 1617 2523 sunt.
1686 2481 1833 2523 Verbo

269 2552 529 2596 monendum
569 2558 637 2597 est
668 2555 968 2598 Studemundo
1006 2558 1120 2599 teste
1158 2555 1202 2598 in
1240 2556 1388 2600 codice
1421 2557 1459 2602 Ο
1496 2557 1700 2600 inferiore
1738 2559 1833 2601 1000

270 2641 355 2672 11011
387 2629 524 2676 ἄλλοις,
556 2631 631 2675 sed
655 2632 759 2688 ἄλλη
782 2632 993 2687 scriptum
1017 2645 1128 2686 esse,
1156 2637 1206 2676 ut·
1227 2633 1344 2687 apud
1367 2634 1623 2688 Euripidem
1646 2635 1831 2689 legimus

270 2706 415 2750 Orest.
452 2711 560 2750 1181

367 2819 379 2845 ¹
406 2821 454 2856 cf.
479 2821 716 2864 Heimsoeth,
741 2823 1192 2867 Emendat.-Theognid.
1217 2834 1257 2867 p.
1279 2823 1332 2858 17.

364 2890 382 2916 ²
414 2892 578 2928 eandem
614 2893 792 2928 adverbii
830 2895 995 2930 formam
1033 2904 1245 2939 agnoscere
1281 2894 1380 2929 mihi
1417 2895 1554 2931 videor
1591 2896 1635 2931 111
1671 2896 1831 2932 Solonis

270 2951 489 2995 fragmento
527 2953 634 2997 apud
671 2953 922 2989 Aristotelem
959 2951 1087 2998 (Ἀθην.
1114 2953 1228 2989 noan.
1260 2953 1319 2989 ed.
1346 2955 1396 2996 ΙΙ,
1428 2965 1467 2999 p.
1494 2956 1551 2996 32,
1584 2956 1621 2999 8)
1659 2959 1832 2991 servato:

266 3008 373 3058 δήμῳ
403 3011 475 3055 μὲν
506 3009 611 3060 εἰχρὴ
643 3010 858 3059 διαφραδῆν
887 3009 1079 3050 ὀνειδίσαι.
1110 3023 1183 3057 pro
1214 3011 1433 3059 διαφραδὴν
1456 3010 1497 3059 μ’
1521 3011 1710 3060 α’μφιίδην
1735 3015 1830 3050 scri-

268 3068 452 3105 bendum.
