2098 3406
893 301 1186 341 ..29-

255 429 392 484 (Mus.
414 429 552 472 Rhen.
576 429 692 472 Nov.
714 429 783 472 ΠΙ
804 442 846 482 p.
869 432 955 471 399
987 428 1204 483 adnotat.)
1238 426 1469 482 legendum
1501 429 1568 469 est
1600 427 1720 481 ἄκρην
1750 426 1822 481 γὰρ

257 506 387 560 πενίης
432 505 486 549 cf.
532 506 592 549 H.
641 505 943 549 Schneidewin
989 518 1031 559 p.
1065 508 1119 547 27
1170 506 1358 548 alteram
1405 503 1731 547 adnotationem
1780 505 1823 545 et

256 582 483 637 Euripidis
516 583 659 626 locum
692 582 810 637 apud
843 582 1083 627 Stobaeum
1114 582 1178 625 IV
1209 596 1251 636 p.
1279 586 1331 625 15
1363 584 1608 638 servatum:

659 665 718 707 ἐπ’
752 667 871 722 ἄκραν
901 666 1043 720 ἥκομεν
1074 664 1254 722 γραμμὴν
1285 668 1426 705 κακῶν.

375 754 529 807 Neque
543 753 659 807 quod
671 753 742 797 vir
754 754 908 797 doctus
922 754 1101 807 quidam
1116 753 1280 810 (Philil.
1295 753 1517 814 Anzeiger
1532 755 1644 796 1883
1661 765 1704 806 p.
1718 751 1823 804 435)

257 843 312 874 ex
342 829 554 885 Hesychii
591 832 687 874 loco
724 843 811 874 non
848 830 912 874 ita
948 831 1128 886 limpido
1162 831 1468 885 depromptum
1507 829 1640 874 scribi
1677 829 1823 873 iussit:

253 910 401 964 τάρχην
432 908 502 964 γὰρ
534 909 663 963 πενίης
693 920 834 961 neque
865 907 982 962 quod
1003 908 1227 962 Eugenius
1249 907 1358 951 Low
1379 906 1689 963 (Quaestiones
1711 905 1825 948 The·

256 984 470 1039 ognideae
497 983 724 1039 Petropoli
749 988 860 1028 1887
889 999 932 1040 p.
957 984 1032 1042 63)
1064 984 1405 1029 commendavit:
1440 983 1565 1039 ἀκμὴν
1596 984 1667 1040 γὰρ
1698 983 1828 1037 πενίης

253 1061 300 1104 in
330 1062 476 1105 locum
507 1074 641 1105 verae
671 1062 871 1106 lectionis
903 1062 1138 1106 succedere
1170 1065 1367 1117 possunt.
1431 1061 1518 1116 Qui
1548 1073 1654 1104 vero
1686 1061 1826 1104 altero

255 1139 352 1182 loco
390 1137 514 1195 ἀρχὴν
550 1139 620 1195 γὰρ
658 1139 788 1194 πενίης
825 1139 1127 1193 interpolavit,
1167 1139 1271 1193 quid
1308 1143 1442 1194 poeta
1480 1139 1614 1182 vellet
1652 1137 1826 1181 omnino

256 1228 342 1259 non
372 1214 603 1268 intellexit,
635 1227 722 1258 non
754 1215 869 1258 enim
892 1215 944 1258 de
965 1216 1244 1270 paupertatis
1266 1216 1445 1259 exordio
1473 1228 1618 1260 sermo
1641 1218 1721 1268 est,
1749 1214 1828 1258 sed

256 1296 308 1336 ut
337 1293 395 1336 H.
430 1292 574 1337 Grotii
606 1292 968 1346 interpretatione
998 1296 1124 1336 utar:

463 1381 669 1425 Nondum
706 1381 751 1424 in
788 1381 999 1436 pauperie
1034 1382 1149 1436 quod
1182 1395 1401 1426 summum
1435 1382 1680 1435 evasimus,
1713 1381 1828 1425 unde

533 1471 609 1502 cor
640 1462 809 1501 maeret
839 1458 1025 1513 trepidis
1057 1459 1440 1503 sollicitudinibus.

374 1555 475 1597 Non
501 1554 630 1597 modo
654 1553 781 1597 initia
811 1554 1169 1598 hexametrorum
1201 1555 1342 1598 altero
1374 1556 1470 1598 loco
1502 1555 1737 1598 immutata
1768 1555 1829 1597 le-

253 1635 431 1685 guntur,
463 1630 541 1675 sed
574 1630 707 1674 etiam
738 1631 782 1674 in
814 1632 1026 1676 clausulis
1057 1632 1425 1687 interpolatorum
1456 1632 1591 1676 libido
1623 1635 1829 1687 grassata

259 1711 340 1763 est,
370 1709 495 1752 velut
525 1721 624 1751 cum
655 1721 696 1751 v.
733 1712 969 1752 853—854
1000 1709 1065 1753 sic
1095 1710 1346 1754 scribantur

492 1791 626 1833 Ἤιὸεα
658 1790 726 1846 μὲν
757 1791 820 1832 καὶ
850 1793 1025 1849 πρόσθεν,
1058 1794 1154 1850 ἀτάρ
1186 1792 1283 1834 πολὺ
1313 1793 1414 1834 λώῐα
1445 1793 1493 1849 δὴ
1525 1792 1589 1834 νῦν

500 1862 634 1904 οὔνεκα
663 1868 740 1909 τοῖς
770 1862 906 1909 δειλοῖς
938 1863 1077 1918 οὐδεμί’
1112 1865 1188 1905 ἔστι
1220 1869 1343 1922 χάρις,

255 1957 355 2008 post
384 1967 425 1996 v.
462 1956 576 1996 1030
607 1953 755 1997 iterati
787 1954 901 1997 hanc
932 1954 1145 2008 praebent
1176 1954 1387 2008 speciem:

491 2042 628 2084 Ἤιδεα
659 2042 727 2097 μὲν
758 2043 820 2084 καὶ
850 2044 1027 2100 πρόσθεν,
1059 2044 1155 2100 ἀτὰρ
1187 2043 1399 2084 πολὺλώῖον
1430 2043 1522 2100 ἤδη.

256 2131 355 2186 ᾔδεα
386 2132 552 2186 primus
589 2132 757 2175 invexit
787 2132 1084 2187 Hieronymus
1118 2132 1415 2177 Commelinus
1452 2133 1498 2176 in
1538 2133 1728 2188 epistola
1767 2133 1823 2177 ad

256 2209 434 2253 Davida
449 2209 787 2253 Hoerschelium
805 2209 924 2263 data,
943 2222 1056 2263 quae
1064 2210 1331 2265 Theognidis
1349 2211 1705 2264 reliquorumque
1723 2223 1825 2264 poe·

254 2290 402 2330 tarum
431 2287 855 2342 gromographorum
888 2286 1067 2330 editioni
1081 2287 1404 2342 Sylburgianae
1434 2287 1537 2331 anni
1559 2288 1824 2331 MDXCVII

254 2363 454 2419 praefixa
485 2367 574 2417 est3
607 2364 838 2418 legebatur
859 2363 974 2407 enim
997 2367 1041 2407 et
1062 2364 1106 2407 in
1126 2365 1172 2407 A
1193 2368 1238 2408 et
1258 2364 1303 2408 in
1325 2365 1364 2410 O
1387 2368 1499 2408 teste
1522 2365 1823 2410 Studemundo

253 2440 364 2496 ἡδέα.
426 2440 580 2484 Priore
617 2442 713 2484 loco
754 2440 799 2483 in
829 2440 875 2484 A
911 2441 1112 2484 clausula
1149 2441 1393 2485 hexametri
1432 2446 1500 2485 est
1534 2443 1636 2483 λώῑα
1665 2442 1714 2498 δὴ
1746 2446 1822 2494 νῦν,

254 2517 299 2560 in
320 2518 359 2563 O
380 2517 482 2559 λώῑα
508 2519 534 2573 ἢ
556 2522 634 2572 νῦν,
668 2519 806 2561 altero
840 2518 935 2561 loco
967 2517 1013 2560 in
1043 2521 1228 2571 utroque
1265 2518 1414 2562 codice
1444 2519 1559 2560 λώϊον
1586 2519 1676 2574 ἤδη.
1729 2518 1823 2562 Ad-

245 2593 464 2650 Jectivum
479 2594 594 2641 λὼῑος
610 2594 802 2639 occurrit
819 2594 950 2638 etiam
967 2595 1011 2638 in
1027 2608 1070 2638 v.
1087 2598 1142 2638 96
1157 2595 1441 2651 Theognidis:
1465 2596 1506 2641 ὃς
1522 2596 1646 2650 κἐἴπῃ
1663 2596 1822 2651 γλώσσῃ

233 2655 360 2727 ’λῴα,
391 2673 513 2728 φρονῇ
543 2671 706 2729 ’δ’ἕτερα,
743 2672 819 2715 ubi
856 2670 1078 2725 Bergkius
1115 2671 1204 2727 λῴα
1241 2672 1436 2716 restituit
1473 2685 1529 2716 ex
1574 2672 1619 2716 A
1650 2673 1703 2727 O,
1749 2673 1823 2727 qui

255 2747 354 2788 λώῖα
386 2748 612 2792 exhibent¹
635 2753 680 2793 et
709 2749 753 2792 in
773 2762 906 2793 versu
928 2752 983 2792 32
1018 2748 1237 2803 carminis,
1270 2749 1386 2803 quod
1418 2748 1542 2805 Ληναὶ
1568 2749 1823 2794 inscribitur

255 2827 301 2868 et
331 2824 564 2869 Theocrito
596 2826 708 2869 falso
741 2825 1026 2869 adscribitur:

555 2901 745 2957 εὐσεβέων
776 2902 942 2943 παίδεσσι
973 2903 1020 2943 τά
1050 2902 1162 2951 λώῖα,
1194 2902 1410 2958 δυσσεβέων
1441 2902 1520 2944 δὀὐ

351 2993 365 3019 1
393 2994 508 3037 Quod
546 3007 636 3031 cum
660 2997 991 3031 VVilamowitzius
1030 2997 1282 3042 neglexisset,
1321 2998 1371 3033 ad
1407 2998 1615 3043 Euripidis
1643 3000 1820 3035 Heraclis

251 3064 289 3088 v.
310 3053 377 3088 196
403 3055 622 3091 adnotavit:
647 3055 737 3090 πολι)
753 3055 845 3090 λώϊα
869 3056 925 3091 im
949 3055 1072 3091 Sinne
1098 3066 1177 3092 von
1201 3055 1290 3091 πολι)
1314 3056 1455 3102 μᾶλλον
1479 3059 1654 3103 Theogn.
1673 3060 1744 3095 853
1768 3059 1821 3094 ist
