2098 3406
911 306 1196 346 -20-

291 444 345 474 an
381 431 612 486 καταθήσεαι
647 431 691 474 id
731 430 843 483 quod
882 431 933 475 Ο.
964 430 1180 486 Crueger¹
1216 431 1371 484 voluit,
1415 432 1724 475 restituendum
1762 432 1819 476 sit

290 506 467 549 dubium
498 511 584 559 θεῖς
616 510 731 548 certe
762 506 868 548 illud
899 505 943 548 in
973 506 1258 550 deterioribus
1289 507 1508 550 codicibus
1530 519 1553 550 e
1574 507 1820 551 coniectura

289 581 496 634 scriptum
528 586 606 624 est.
667 581 917 635 Legendum
947 581 1080 636 igitur
1110 587 1176 626 est
1205 582 1417 626 distichon

566 662 698 703 οὐδένα
726 662 917 719 θησαυρὸν
946 663 1066 704 παισὶν
1095 665 1297 719 καταδήσῃ
1329 665 1467 717 ἀμείνω

567 731 700 781 αἰδοῦς,
730 733 790 786 ἥτ’
823 733 976 787 ἀγαθοῖς
1005 733 1170 789 ἀνδράσι,
1199 732 1330 790 Κύρν’,
1361 734 1496 774 ἕπεται.

287 820 370 862 His
401 819 544 862 verbis
589 823 867 873 praeceptum
912 819 1119 873 optimum
1165 820 1416 863 continetur.
1493 820 1816 864 substantivum

287 899 431 937 autem
463 894 593 941 αἰδώς,
632 896 745 948 quod
782 907 913 947 quam
948 895 1083 938 variis
1119 896 1363 940 notionibus
1402 908 1430 939 a
1466 896 1604 950 poetis
1636 896 1818 940 Graecis

286 972 541 1022 usurpatum
578 970 635 1013 sit
669 971 916 1014 testimonio
961 983 1056 1014 esse
1101 974 1282 1024 possunt
1316 971 1498 1015 Hesiodi
1526 983 1680 1015 versus
1725 972 1817 1015 sive

285 1045 458 1098 genuini
489 1045 581 1088 sive
610 1045 784 1089 insiticii
815 1047 867 1091 Ο.
899 1047 955 1089 D.
987 1050 1216 1090 312—313

564 1131 677 1179 αἰδὼς
706 1133 808 1174 δὀὐκ
839 1133 963 1188 ἀγαθὴ
994 1134 1224 1190 κεχρημένον
1255 1133 1370 1190 ἄνδρα
1399 1135 1565 1188 κομίζειν

564 1203 690 1256 αἰδώς,
722 1204 782 1258 ἥτ’
815 1203 952 1260 ἄνδρας
981 1204 1077 1258 μέγα
1106 1205 1240 1245 σίνεται
1270 1203 1332 1259 ἠδ’
1363 1205 1519 1259 ὀνίνησιν

563 1273 677 1319 αἰδώς
705 1288 758 1314 τοι
787 1273 878 1330 πρὸς
908 1273 1078 1328 ἀνολβίῃ,
1107 1274 1249 1330 θάρσος
1277 1273 1319 1315 δὲ
1348 1274 1439 1331 πρὸς
1467 1273 1603 1330 ὄλβῳ,2

284 1359 336 1402 de
367 1360 523 1413 quibus
554 1360 653 1403 vide
684 1360 999 1404 Kirchhoffium
1038 1361 1242 1415 (Hesiods
1272 1361 1543 1404 Mahnlieder
1573 1373 1629 1404 an
1659 1361 1815 1404 Perses

284 1448 324 1487 p.
358 1435 430 1490 66)
477 1439 520 1478 et
549 1435 926 1489 Peppmuellerum
972 1436 1016 1479 in
1046 1436 1314 1480 Fleckeiseni
1351 1437 1491 1479 annal.
1524 1437 1671 1491 philol.
1704 1439 1815 1479 1890

284 1523 324 1563 p.
349 1514 446 1563 647,
479 1511 705 1565 commisit,
736 1515 786 1554 ut
816 1512 1028 1555 distichon
1060 1524 1144 1554 non
1175 1524 1229 1554 ex
1260 1512 1457 1555 omnibus
1479 1511 1676 1566 partibus
1698 1515 1813 1556 recte

282 1586 614 1641 intellegeretur.
660 1588 718 1630 H.
743 1588 938 1640 Grotius,
970 1591 1019 1630 ut
1045 1589 1219 1640 assolet,
1251 1591 1366 1630 recte
1392 1588 1699 1641 interpretatus
1730 1591 1812 1631 est:

450 1675 583 1718 Nulla
614 1679 757 1728 potest
787 1675 930 1718 animo
961 1688 1030 1718 res
1062 1678 1152 1718 tam
1183 1657 1374 1728 pretiosa
1403 1674 1576 1718 recondi

450 1757 580 1797 quam
611 1745 764 1798 pudor,
796 1745 903 1788 haec
934 1745 1011 1788 dos
1043 1750 1109 1788 est
1138 1745 1326 1799 propria,
1355 1744 1497 1799 Cyrne
1529 1742 1673 1798 probis

282 1844 418 1884 neque
449 1832 518 1874 W.
550 1832 600 1874 E.
633 1833 793 1875 Weber
824 1844 850 1875 a
880 1844 985 1875 vero
1017 1832 1256 1885 aberravit,
1295 1844 1391 1875 cum
1423 1833 1558 1875 verba
1586 1831 1630 1874 in
1660 1843 1813 1874 verna·

281 1907 424 1950 culum
456 1919 696 1950 sermonem
727 1909 789 1951 ita
819 1909 1089 1951 transferret:

281 2001 442 2044 Besser
457 2001 758 2044 Verm'achtnis
782 2002 941 2044 kannst
955 2002 1028 2044 Du
1049 2002 1214 2044 zuriick
1235 2001 1354 2044 nicht
1374 2001 1497 2055 legen
1519 2000 1601 2043 den
1617 1999 1811 2044 Kindern

281 2071 364 2114 Als
397 2071 567 2124 Scham,
598 2071 787 2126 Kyrnos,
819 2084 875 2115 an
905 2071 983 2114 der
1012 2073 1210 2115 wackere
1241 2072 1423 2114 Miinner
1452 2083 1552 2113 man
1583 2071 1726 2113 kennt.

279 2164 444 2207 Versus
474 2167 720 2217 409—410,
766 2176 948 2217 quorum
979 2176 1117 2217 neque
1149 2166 1402 2217 argumento
1433 2174 1513 2205 nec
1541 2161 1686 2205 verbis
1717 2162 1809 2206 iure

280 2239 552 2294 offendimur,
599 2242 782 2284 multum
818 2239 1034 2283 immutati
1066 2240 1221 2283 iterum
1252 2239 1294 2282 in
1325 2238 1447 2282 libris
1478 2250 1608 2281 manu
1638 2238 1809 2292 scriptis
1876 2267 1878 2269 -

278 2315 321 2357 A
353 2315 390 2359 O
422 2316 641 2370 leguntur:

420 2410 460 2438 v.
487 2399 595 2439 1161
629 2397 760 2437 οὐδένα
788 2397 978 2453 θησαυρὸν
1009 2397 1127 2438 παισὶν
1157 2396 1383 2452 καταθήσειν
1414 2397 1571 2449 ἄμεινον,

627 2468 782 2508 αἰτοῦσιν
813 2467 1004 2521 δ’ἀγαθοῖς
1033 2467 1197 2523 ἀνδράσι,
1228 2465 1362 2522 Κύρνε..
1393 2465 1500 2506 δίδου.

277 2559 396 2600 παισὶν
426 2560 666 2616 καταθήσειν,
696 2560 811 2613 quod
840 2560 884 2603 A
915 2561 1032 2603 solus
1064 2559 1261 2614 praebet,
1293 2571 1390 2602 cum
1421 2562 1556 2602 metro
1588 2563 1807 2613 repugnet,

277 2635 331 2678 ad
355 2636 512 2678 librum
529 2636 567 2680 Ο
590 2635 895 2691 confugiemus,
927 2635 999 2688 qui
1027 2638 1163 2678 metro
1185 2633 1453 2678 satisfaciens
1475 2635 1609 2678 verba
1638 2633 1807 2677 inverso

372 2768 383 2792 ¹
411 2770 436 2803 1.
461 2780 492 2804 ο.
517 2779 556 2812 p.
581 2771 637 2803 24.

370 2837 388 2862 ²
414 2839 461 2873 ct.
498 2849 534 2873 v.
559 2838 1102 2874 Wilanowitz·M5Uendorff
1141 2838 1187 2873 ad
1226 2837 1431 2881 Euripidis
1467 2836 1617 2872 Herael.
1653 2846 1689 2871 v.
1725 2837 1806 2871 55⁷.

277 2897 366 2930 Man
393 2897 509 2938 sicht,
545 2898 620 2931 wie
650 2898 1006 2942 verschiedenartig
1039 2896 1103 2932 die
1133 2895 1306 2931 Gottheit
1329 2893 1471 2940 (Αἰδώς)
1495 2895 1624 2936 wirkt,
1660 2894 1702 2928 in
1738 2893 1807 2929 der

276 2954 398 2988 sehon
422 2955 565 2989 Hesiod
594 2955 687 2999 Erg.
714 2956 782 2989 318
818 2955 902 2989 und
936 2955 1038 2990 nach
1074 2954 1156 2989 ihm
1186 2953 1322 2998 Eurip.
1348 2954 1466 2997 Hipp.
1493 2954 1561 2988 384
1591 2952 1686 2996 (non
1711 2952 1805 2995 354),

276 3012 458 3048 Erechth.
483 3013 557 3057 frg.
583 3014 650 3048 367
677 3014 721 3047 N.
748 3013 810 3048 ein
836 3013 1118 3057 Doppelwesen
1143 3013 1308 3048 erkannt
1332 3012 1476 3046 hatten.
