2098 3406
902 292 1195 331 -19-

267 436 318 467 eo
349 422 542 467 maxime
572 421 946 474 commendantur,
993 419 1111 473 quod
1141 419 1226 463 hoc
1254 417 1383 462 modo
1415 416 1454 461 si
1483 429 1662 461 versum
1694 416 1830 471 scrip-

265 500 465 554 serimus,
502 498 722 554 Theognis
753 496 988 552 spondiaco
1019 496 1236 540 vocabulo
1281 495 1327 539 in
1373 494 1477 539 sede
1521 498 1681 547 quarta
1727 498 1830 538 ante

265 589 494 621 caesuram
531 576 776 620 bucolicam
821 575 1047 618 liberatur.
1139 573 1277 617 Recte
1323 571 1439 616 enim
1483 571 1529 615 in
1573 571 1829 615 universum

266 656 323 698 H.
346 655 533 707 Usener,
564 653 633 697 vir
664 652 958 705 doctissimus,
990 651 1079 695 tale
1100 651 1364 695 vocabulum
1395 649 1506 704 pede
1537 652 1694 702 quarto
1727 653 1829 693 ante

265 743 495 776 caesuram
526 730 772 774 bucolicam
795 729 1058 773 collocatum
1089 728 1146 771 ab
1169 730 1266 771 arte
1287 726 1571 782 Theognidea
1592 726 1829 770 abhorrere

264 808 423 852 docuit.
487 807 823 852 Concedendum
853 805 963 850 illud
995 804 1169 859 quidem
1202 807 1271 848 est
1297 804 1548 849 Godofredo
1569 804 1827 848 Hermanno

264 885 338 941 (ad
370 885 565 940 Orphica
594 899 638 940 p.
672 884 774 940 730)
808 896 864 928 ex
909 882 1102 927 metricis
1148 881 1542 935 observationibus,
1590 893 1704 935 quae
1749 894 1829 936 per

264 975 310 1005 se
342 963 462 1006 leves
493 966 539 1005 et
568 961 696 1017 parvi
728 960 936 1005 momenti
982 960 1089 1014 sint,
1135 971 1344 1014 magnum
1390 959 1607 1013 quendam
1639 958 1828 1003 fructum

263 1039 427 1094 percipi
458 1052 589 1094 posse
620 1042 664 1082 et
694 1039 733 1082 si
761 1038 808 1082 in
837 1038 933 1082 loco
967 1038 1021 1081 ob
1053 1049 1235 1092 gravem
1263 1047 1445 1080 causam
1466 1039 1671 1090 suspecto
1694 1036 1827 1080 etiam

261 1129 469 1160 numerus
501 1129 529 1160 a
558 1116 754 1172 legitimo
786 1128 870 1159 usu
901 1114 1070 1158 alienus
1101 1113 1367 1168 reperiatur,
1414 1112 1516 1156 huic
1554 1125 1725 1167 quoque
1757 1125 1828 1156 ar-

262 1198 467 1249 gumento
499 1177 665 1247 aliquid
693 1192 972 1236 tribuendum
994 1203 1110 1245 esse3
1143 1191 1221 1235 sed
1243 1204 1342 1235 cum
1364 1191 1631 1243 hexameter,
1665 1190 1719 1234 de
1741 1203 1826 1244 quo

262 1271 465 1325 dicimus,
519 1270 618 1315 aliis
665 1269 986 1324 suspicionibus
1034 1269 1207 1312 omnino
1255 1271 1419 1323 careat,
1467 1268 1714 1311 mirandum
1760 1272 1829 1312 est

261 1348 405 1392 virum
436 1347 676 1403 principem
707 1347 834 1390 illum
866 1346 1117 1390 criticorum
1148 1358 1204 1389 ex
1235 1358 1301 1399 e0,
1334 1345 1450 1398 quod
1482 1358 1567 1399 quo
1599 1346 1695 1389 loco
1729 1358 1828 1389 cae-

262 1437 368 1468 sura
398 1430 467 1469 est
495 1424 541 1468 in
571 1424 656 1468 fine
689 1423 835 1478 quarti
866 1423 1005 1479 pedis,
1038 1423 1261 1478 dactylum
1293 1422 1487 1477 spondeo
1508 1435 1596 1466 non
1616 1423 1831 1477 praetulit

262 1506 406 1556 poeta,
439 1501 787 1546 emendationem
808 1500 1055 1544 faciendam
1077 1512 1174 1544 esse
1195 1512 1296 1543 cum
1317 1503 1528 1554 censeret,
1552 1500 1829 1544 Brunckium

263 1583 461 1623 secutum
493 1592 604 1633 esse,
636 1579 711 1633 qui
740 1578 908 1633 primus
940 1578 1169 1621 lectionem
1199 1589 1357 1621 versus
1387 1576 1555 1621 iterati:

547 1669 672 1709 ἀστῶν
703 1667 782 1708 δὀὐ
809 1666 974 1720 ’δύναμαι
1004 1670 1140 1722 γνῶναι
1170 1668 1252 1707 νόον
1284 1667 1392 1707 ὅντιν’
1427 1666 1573 1723 ἔχουσιν

265 1756 430 1810 recepit
461 1769 485 1799 e
515 1770 556 1800 v.
590 1760 661 1810 24,
693 1756 737 1799 ni
768 1757 912 1810 fallor,

548 1846 673 1892 ἀστοῖς
703 1845 815 1886 τοῖσδ’
850 1845 951 1886 οὔπω
983 1851 1092 1886 πᾶσιν
1125 1844 1224 1885 ἁδεῖν
1255 1844 1415 1899 δύναμαι

263 1938 417 1977 ortam.
485 1935 646 1977 Verum
685 1934 905 1978 enimvero
953 1935 1068 1988 quod
1114 1934 1159 1977 in
1195 1934 1382 1977 Homeri
1428 1934 1696 1978 carminibus
1743 1947 1831 1977 non

262 2011 520 2057 inusitatum
566 2011 898 2065 inauditumque
945 2011 1195 2065 mvenitur,¹
1238 2011 1283 2054 id
1315 2011 1558 2067 Theognidi
1605 2012 1688 2055 hoc
1733 2012 1833 2055 loco

263 2089 379 2132 haud
411 2089 501 2132 scio
534 2101 590 2132 an
622 2089 955 2132 condonandum
986 2090 1054 2133 sit.
1117 2089 1234 2132 Nam
1265 2093 1435 2132 tantum
1469 2090 1614 2143 abest,
1645 2092 1698 2132 ut
1729 2101 1837 2143 par-

262 2165 398 2209 ticula
428 2165 470 2207 δὲ
501 2165 671 2219 doceat,
703 2165 747 2209 id
779 2166 895 2220 quod
926 2166 984 2208 H.
1009 2165 1312 2210 Schneidewin
1343 2165 1403 2222 (p.
1428 2165 1503 2223 20)
1530 2167 1641 2220 vult,
1674 2179 1834 2210 versus

264 2256 318 2286 ex
348 2243 444 2298 ipso
477 2243 791 2287 sententiarum
824 2256 939 2286 nexu
969 2243 1035 2286 ita
1064 2246 1115 2287 ut
1146 2246 1248 2287 ante
1280 2256 1354 2287 eos
1386 2245 1548 2287 lacuna
1594 2243 1835 2287 statuenda.

265 2320 339 2372 sit,
388 2323 586 2374 sumptos
619 2333 734 2374 esse,
781 2324 831 2363 ut
863 2324 1122 2375 argumento
1156 2333 1252 2364 esse
1299 2321 1441 2375 possit
1487 2321 1685 2365 additam
1733 2334 1829 2366 esse

265 2396 528 2450 particulam
575 2398 631 2440 ab
680 2410 752 2451 eo,
810 2397 885 2450 qui
937 2397 1253 2441 sententiarum
1300 2410 1462 2441 nexum
1508 2398 1740 2441 restituere
1786 2398 1833 2441 in

266 2473 408 2517 animo
440 2473 635 2518 haberet.

382 2550 478 2594 Iam
494 2551 693 2594 venimus
716 2551 772 2594 ad
796 2551 1010 2594 distichon
1032 2552 1218 2594 multum
1242 2563 1270 2594 a
1284 2551 1392 2595 viris
1412 2552 1552 2595 doctis
1574 2555 1828 2596 tractatum.

265 2627 316 2669 In
347 2631 533 2680 utroque
565 2628 713 2671 codice
744 2641 786 2671 v.
819 2630 1056 2670 409—410
1086 2628 1151 2670 ita
1182 2628 1407 2682 legunt-ur:

551 2708 702 2752 Οὐδένα
732 2710 926 2767 θησαυρὸν
959 2710 1059 2751 παισὶ
1089 2710 1299 2766 καταθήσει
1332 2711 1473 2764 ἀμείνω

550 2781 686 2831 αἰδοῦς,
717 2782 778 2836 ἥτ’
813 2783 966 2836 ἀγαθοῖς
998 2781 1164 2837 ἀνδράσι,
1196 2780 1328 2837 Κύρν’,
1362 2782 1501 2824 ἕπεται.

267 2869 354 2912 Pro
387 2869 486 2909 παισὶ
517 2869 561 2912 in
592 2870 638 2912 A
659 2870 697 2914 O
729 2870 816 2913 levi
848 2870 1124 2925 neglegentia
1155 2873 1336 2913 exarato
1369 2870 1489 2911 παισὶν
1521 2883 1618 2914 esse
1641 2871 1832 2914 scriben—

269 2946 371 2989 dum
418 2958 566 2990 omnes
611 2947 700 2990 fere
739 2946 1035 2999 consentiunt3
1075 2959 1153 3000 pro
1190 2947 1401 3003 καταθήσει
1438 2950 1585 2991 utrum
1625 2949 1838 3004 καταδήσῃ

366 3052 377 3077 ¹
407 3053 454 3087 cf.
481 3053 514 3087 Ε
539 3054 620 3087 484.

1498 3113 1545 3139 ox·

1500 3138 1520 3150 —1
