2098 3406
932 277 1193 317 —3—

279 410 379 460 post
409 407 686 451 Theodorum
718 405 959 461 Bergkium
1004 404 1233 458 superiore
1280 417 1393 448 anno
1441 407 1646 458 quartum
1693 404 1842 459 edidit,

278 484 424 527 omnia
469 484 658 528 disticha
702 483 771 527 bis
816 482 861 526 in
908 481 1131 526 codicibus
1162 482 1207 525 A
1238 485 1282 525 et
1313 481 1351 526 Ο
1384 481 1550 536 scripta
1595 481 1687 525 suis
1733 482 1842 526 locis

277 562 394 616 typis
457 560 686 615 expressit.
793 560 867 603 Ab
935 559 1003 603 his
1064 559 1267 602 versibus
1328 557 1526 613 repetit-is
1587 558 1840 603 Fridericus

277 638 576 692 Nietzschius,
624 651 724 681 cum
770 636 994 681 Welckeri
1039 635 1240 690 vestigiis
1293 635 1501 679 insistens
1553 635 1682 689 quasi
1729 635 1842 679 alter

278 715 566 759 Aristarchus
605 715 834 767 existeret,
882 713 1006 756 cuius
1053 724 1233 767 operam
1281 713 1339 756 ad
1370 712 1636 768 Theognidis
1683 724 1842 766 poema

276 791 706 846 perturbatissimum
745 791 886 835 ordini
931 790 1249 834 restituendum
1282 789 1455 843 Caspar
1485 788 1697 833 Barthius
1728 788 1840 846 (Ad-

274 882 390 913 vers.
421 869 522 922 XV,
555 869 600 923 4)
633 871 911 923 speraverat,
958 867 1003 910 in
1045 867 1370 921 dissertatione,
1419 878 1551 920 quam
1598 866 1838 921 inscripsit:

276 947 365 990 Zur
373 946 637 990 Geschichte
654 946 733 989 der
749 945 1151 1000 Theognideischen
1168 945 1603 1000 Spruchsammlung.
1652 944 1761 999 Cap.
1783 945 1839 988 I.:

277 1023 363 1066 Die
378 1024 510 1067 letzte
525 1023 774 1066 Redaktion
789 1022 867 1066 der
884 1022 1165 1077 Theognidea
1180 1021 1311 1078 (Mus.
1329 1022 1467 1065 Rhen.
1482 1022 1524 1064 N
1527 1023 1691 1066 ov.vol.
1702 1022 1839 1065 XXII

275 1113 317 1154 p.
352 1103 434 1144 161
467 1099 582 1157 sqq.)
611 1100 676 1143 ita
708 1112 835 1143 orsus
867 1103 948 1153 est,
980 1104 1029 1142 ut
1060 1100 1359 1153 quaerendum
1392 1103 1605 1153 censeret,
1639 1099 1714 1153 qui
1746 1099 1839 1143 fieri

275 1177 503 1230 potuisset,
535 1180 585 1220 ut
614 1176 730 1220 idem
761 1177 1052 1231 fragmentum
1085 1177 1186 1231 plus
1218 1177 1420 1221 minusve
1440 1176 1664 1220 variatum
1697 1177 1764 1220 bis
1795 1176 1840 1219 in

275 1257 480 1297 contextu
502 1257 753 1307 poematum
776 1254 1009 1308 legeretur.
1058 1253 1196 1298 Cuius
1218 1254 1283 1297 rei
1305 1266 1442 1298 causa
1463 1254 1559 1297 viro
1585 1254 1838 1298 doctissimo

274 1331 318 1373 in
349 1344 400 1374 eo
431 1330 577 1385 posita
608 1331 743 1374 fuisse
775 1330 1023 1384 videbatur,
1071 1331 1187 1384 quod
1235 1332 1290 1374 ab
1339 1344 1403 1385 eo,
1452 1331 1525 1385 qui
1558 1331 1839 1386 Theognidea

272 1407 616 1461 consarcinavit,
679 1407 875 1462 singulas
938 1407 1179 1451 sententias
1226 1409 1462 1452 verborum
1518 1409 1708 1462 quodam
1765 1409 1837 1452 filo

272 1497 461 1528 conexas
494 1489 551 1538 et,
588 1485 664 1528 ubi
696 1485 1012 1528 sententiarum
1045 1486 1264 1540 copulatio
1297 1486 1376 1528 illa
1412 1485 1660 1539 interrupta
1691 1485 1837 1539 fuerit,

271 1562 327 1606 ad
366 1575 526 1605 nexum
572 1563 891 1606 restituendum
940 1563 1126 1606 alteram
1175 1563 1437 1607 sententiam
1485 1575 1581 1606 esse
1627 1562 1838 1606 insertam

271 1639 555 1683 existimaret.
602 1641 732 1683 Hanc
763 1640 849 1683 viri
881 1640 998 1683 docti
1020 1640 1281 1684 sententiam
1300 1652 1432 1694 quam
1456 1640 1536 1683 Th.
1561 1640 1837 1684 Fritzschius

270 1716 579 1760 dissertatione
625 1716 783 1759 Philol.
831 1723 922 1760 tom
968 1717 1129 1760 XXIX
1175 1730 1216 1771 p.
1257 1721 1460 1759 526—46
1496 1717 1684 1774 inserta:
1742 1719 1836 1760 Das

272 1793 506 1838 Stichwort
528 1794 594 1837 als
618 1794 1030 1849 Ordnungsprincip-
1046 1795 1124 1837 der
1146 1795 1549 1849 Theognideischen
1570 1795 1836 1849 Fragmente

270 1871 431 1914 aeriter
475 1871 767 1925 impugnavit,
821 1884 947 1914 nemo
1001 1871 1091 1914 fere
1139 1875 1226 1925 est,
1282 1872 1355 1924 qui
1402 1884 1552 1915 veram
1602 1872 1834 1916 existimet.

270 1949 552 1991 Hermannus
585 1952 733 1990 autem
765 1948 1087 2001 Schneidewin,
1121 1949 1194 2001 qui
1227 1948 1534 1992 dissertatione
1567 1948 1621 1992 de
1653 1949 1835 2004 syllogis

270 2024 560 2079 Theognideis
584 2024 873 2079 Argentorati
908 2027 1020 2068 1878
1053 2025 1217 2079 scripta
1248 2025 1575 2069 demonstrasse
1608 2026 1690 2069 sibi
1713 2027 1835 2070 visus

269 2106 336 2146 est
366 2114 451 2145 non
483 2101 611 2145 modo
650 2102 810 2144 librum
848 2101 1227 2156 Theognideorum
1276 2102 1303 2142 α’
1348 2115 1401 2145 ex
1439 2102 1610 2146 duabus
1654 2103 1835 2158 syllogis

270 2182 499 2222 consutum
533 2181 664 2231 atque
695 2178 950 2232 posterioris
983 2179 1179 2233 syllogae
1211 2180 1383 2222 initium
1411 2180 1526 2223 inter
1547 2193 1724 2224 versum
1748 2184 1834 2223 878

270 2260 314 2298 et
361 2259 474 2298 1038
522 2256 804 2299 statuendum
854 2268 969 2308 esse,
1018 2255 1096 2308 sed
1143 2256 1275 2300 etiam
1307 2258 1593 2311 repetitorum
1627 2271 1832 2302 versuum

269 2333 506 2376 maximam
537 2337 709 2387 partem
740 2333 784 2376 in
816 2333 1059 2387 posteriore
1091 2334 1263 2388 sylloga
1302 2334 1474 2379 fidelius
1508 2336 1833 2390 Theognideam

270 2410 453 2454 formam
483 2411 717 2454 retinuisse
748 2411 912 2454 multos
941 2410 1119 2464 invenit,
1153 2411 1225 2464 qui
1249 2412 1287 2455 ei
1318 2412 1647 2456 assentirentur.
1695 2414 1833 2456 Recte

269 2491 416 2530 autem
449 2487 720 2532 Studemund
766 2500 807 2541 p.
842 2490 897 2529 36
935 2487 1116 2542 negavit
1153 2501 1207 2531 ex
1244 2502 1451 2533 versuum
1499 2490 1831 2543 repetitionibus

269 2563 505 2618 quidquam
535 2564 764 2618 probabile
796 2564 849 2607 de
882 2564 1261 2619 Theognideorum
1299 2566 1464 2620 origine
1512 2567 1648 2610 statui
1686 2580 1830 2621 posse.

269 2641 363 2695 Ego
408 2653 514 2684 vero
562 2654 660 2684 cum
697 2642 879 2684 Henrici
916 2642 947 2684 J
951 2642 1125 2692 ordani,
1173 2642 1246 2696 qui
1291 2643 1335 2686 in
1382 2645 1577 2687 Hermae
1609 2645 1695 2687 vol.
1728 2645 1829 2687 XV.

269 2730 309 2771 p.
344 2720 430 2759 524
461 2718 570 2771 sqq.¹
606 2722 855 2771 monuerat,
888 2731 941 2761 ne
982 2722 1184 2772 expertos
1222 2731 1412 2763 vacuum
1452 2721 1677 2764 Daedalos
1725 2733 1829 2764 aera

268 2806 563 2847 sequeremur,
597 2795 849 2839 auctoritati
882 2796 1187 2849 obtemperans
1219 2795 1407 2849 primum
1440 2810 1526 2840 non
1556 2798 1665 2841 illud
1697 2810 1829 2852 quae—

268 2871 452 2914 rendum
483 2883 580 2914 esse
612 2871 870 2925 existimem,
902 2871 974 2925 qui
1007 2872 1170 2914 factum
1203 2871 1274 2924 sit,
1306 2876 1355 2915 ut
1386 2872 1499 2916 idem
1532 2874 1826 2929 fragmentum

364 2976 375 3001 ¹
400 2978 452 3012 cf.
479 2977 654 3012 eiusdem
682 2977 837 3019 Quaest.
865 2978 1084 3022 Theognid.
1110 2978 1152 3011 in
1191 2978 1322 3013 indice
1347 2979 1560 3015 lectionum
1589 2982 1828 3024 Regimomii

267 3047 336 3080 per
360 3037 530 3072 hiemem
557 3037 710 3082 1885s86
735 3036 1016 3071 habendarum.

1501 3098 1542 3133 1*
