2098 3406
929 294 1227 334 ..23—

294 426 606 478 praeterquam
638 424 756 477 quod
786 421 989 466 ultimum
1021 420 1203 464 alterius
1235 418 1498 475 pentametri
1529 418 1715 462 verbum
1746 417 1792 461 in
1823 415 1863 462 Ο

294 513 382 545 11011
411 501 535 556 λόγος,
567 500 644 544 sed
674 502 758 546 νόος
797 502 877 543 081.
958 498 1044 542 Η18
1075 497 1225 542 verbis
1271 495 1492 541 sententia
1537 494 1798 550 exprimitur
1836 505 1864 538 a

294 576 559 632 Theognidis
590 580 736 620 mente
767 587 985 630 sensuque
1016 574 1190 618 0111111110
1222 586 1310 618 11011
1341 572 1573 626 disiuncta,
1606 571 1684 615 sed
1705 574 1862 626 poetae

294 658 480 698 naturae
526 666 661 708 quam
705 652 897 697 maxime
944 651 1219 696 conveniens.
1299 650 1519 708 ὑπερτερίης
1555 649 1709 704 δ’ἄμμιν
1743 648 1862 690 ἔνεστι

293 731 407 786 λόγος
437 731 501 775 ita
530 730 826 785 intellegenda
871 741 980 784 esse,
1028 732 1078 773 ut
1124 728 1215 774 iam
1246 729 1456 773 Welcker
1491 726 1696 780 voluerit,
1742 728 1861 769 recte

292 808 438 852 Hiller
469 807 518 864 (J
519 807 822 851 ahresberieht
867 807 978 850 liber
1024 806 1095 850 die
1132 804 1425 850 Fortschritte
1472 805 1551 848 der
1587 803 1863 848 klassischen

292 884 850 928 Altertumswissensohaft
883 888 996 928 1888
1028 897 1071 938 p.
1108 883 1209 939 147)
1241 882 1420 927 monuit.
1488 881 1601 937 λόγος
1632 880 1864 938 ὑπερτερίης,

291 974 371 1016 per
401 962 698 1016 periphrasin,
736 975 816 1016 pro
848 962 874 1018 ἡ
909 961 1105 1019 ὑπερτερίῃ
1135 962 1225 1017 ἡμῖν
1248 960 1380 1014 ἔνεστι,
1418 972 1547 1003 1101110
1578 972 1658 1003 1108
1686 961 1862 1013 aequat.

293 1038 510 1096 ὑπερτερίην
532 1039 648 1083 0111111
674 1040 764 1083 noli
787 1052 887 1083 cum
906 1039 1101 1095 Bergkio
1124 1038 1377 1093 superbiam
1398 1036 1697 1092 interpretari,
1730 1048 1863 1090 quam

295 1128 351 1159 ex
381 1116 594 1172 Hesychii
628 1115 862 1173 ὑπερτερίῃσι
891 1120 1165 1173 νεωτερισμοῖς,
1200 1115 1469 1172 ὑπερηφανίαις
1506 1114 1744 1167 derivavit,
1785 1113 1861 1157 sed

297 1192 444 1247 potius
476 1193 627 1248 accipe
650 1206 731 1248 pro
755 1193 1043 1247 praestantia.
1090 1193 1188 1236 Iam
1212 1192 1444 1236 videamus
1466 1191 1720 1236 leviusculis
1742 1190 1863 1235 vitiis

289 1270 522 1325 neglectis,
576 1272 789 1324 quantum
839 1270 1062 1314 immutati
1113 1269 1254 1313 eidem
1300 1282 1458 1314 versus
1509 1272 1610 1324 post
1654 1282 1696 1313 v.
1748 1271 1863 1312 1164

291 1350 568 1402 repetantur:
600 1360 681 1402 pro
713 1346 832 1389 οὐδέν’
865 1347 912 1391 111
941 1360 983 1390 v.
1012 1350 1100 1390 415
1131 1347 1178 1391 A
1209 1347 1247 1392 O
1280 1347 1446 1391 habent
1475 1346 1602 1401 οὔτιν’,
1632 1346 1678 1390 111
1708 1359 1750 1390 v.
1773 1349 1858 1389 417

290 1437 369 1479 pro
399 1425 673 1482 παρατρίβομαι
704 1424 804 1467 ὥστε
824 1423 1145 1482 παρατριβόμενός·
1165 1439 1220 1474 τε,
1241 1424 1275 1465 δ’
1298 1427 1399 1479 post
1420 1424 1641 1481 ὑπερτερίης
1666 1424 1861 1467 locatum

288 1506 474 1556 uterque
506 1501 680 1546 omittit.
742 1503 912 1546 Versus
959 1502 1043 1546 hoc
1087 1502 1184 1546 loco
1217 1501 1436 1546 exhibitos
1467 1501 1626 1545 melius
1658 1504 1860 1545 servatos

289 1591 388 1623 0880
421 1579 723 1624 Schneidewin
754 1580 888 1634 solus,
921 1582 1135 1634 quantum
1165 1579 1314 1634 video,
1352 1591 1586 1634 perperam
1623 1578 1857 1622 contendit.

289 1656 356 1700 Ut
387 1656 497 1697 οὔτιν’
530 1669 609 1710 pro
657 1656 777 1698 οὐδέν’
826 1656 1116 1701 substitutum
1162 1656 1402 1710 mittamus,
1450 1656 1772 1714 παρατριβόμενός
1818 1669 1860 1697 τε

290 1732 471 1790 μολύβδῳ
504 1746 540 1777 0.
573 1747 615 1777 v.
651 1737 764 1777 1105
798 1733 1010 1789 originem
1041 1734 1196 1778 traxit:

503 1820 544 1869 ἐς
577 1821 738 1877 βάσανον
770 1822 803 1864 δ’
839 1821 967 1864 ἐλθὼν
998 1822 1317 1880 παρατριβόμενός
1348 1838 1390 1865 τε
1422 1821 1602 1879 μολύβδῳ

502 1892 646 1951 χρυσὸς
678 1894 848 1951 ἅπεφθος
880 1892 953 1935 ἐὼν
984 1894 1104 1941 καλὸς
1135 1897 1270 1936 ἅπασιν
1302 1895 1387 1950 ἔσῃ,

288 1999 476 2041 quocum
509 1988 709 2032 omnibus
741 1989 934 2033 numeris
966 1990 1166 2044 concinit,
1199 2003 1285 2034 non
1316 1990 1460 2034 minus
1493 2002 1626 2044 quam
1657 1990 1859 2034 clausula

288 2065 552 2119 pentametri
584 2065 764 2110 alterius
795 2065 840 2109 in
863 2067 915 2121 O,
949 2066 1022 2121 qui
1048 2067 1164 2111 infra
1185 2080 1357 2122 quoque
1382 2070 1466 2114 νόος
1487 2068 1635 2121 habet,
1669 2080 1692 2111 e
1714 2081 1755 2111 v.
1779 2071 1856 2111 88:

576 2189 578 2191 .
634 2154 714 2209 εἴμε
744 2155 864 2212 φιλεῖς
893 2156 955 2196 καί
986 2170 1039 2197 τοι
1070 2157 1198 2203 πιστὸς
1229 2157 1348 2198 ἔνεστι
1378 2159 1462 2203 νόος

288 2220 334 2257 et
365 2216 449 2256 623

631 2279 728 2314 πάσν
760 2273 1011 2331 δ’ἀνθρώποις
1043 2274 1157 2322 αὐτὸς
1188 2275 1306 2317 ἔνεστι
1337 2278 1434 2325 νόος,

289 2380 374 2421 quo
410 2381 515 2412 num
553 2372 673 2412 recte
703 2369 877 2413 Usener
907 2367 1303 2426 (Altgriechischer
1331 2371 1538 2415 Versbau
1568 2385 1610 2426 p.
1644 2371 1720 2428 52)
1751 2371 1859 2414 nihil

287 2444 373 2489 nisi
406 2445 611 2489 lacunam
645 2446 812 2500 expleri
844 2446 1116 2490 contenderit
1147 2447 1403 2503 ambiguum
1436 2451 1514 2492 est.

407 2521 769 2576 Contemplemur
813 2523 903 2567 iam
934 2536 1090 2568 versus
1122 2527 1373 2579 441—446‚
1421 2525 1496 2579 qui
1541 2525 1587 2568 in
1634 2524 1857 2570 codicibus

288 2599 331 2641 A
365 2602 407 2642 et
438 2599 476 2644 O
507 2600 705 2654 paullum
737 2600 957 2644 immutati
989 2605 1089 2654 post
1119 2614 1160 2644 v.
1188 2605 1300 2645 1162
1332 2602 1564 2646 iterantur.

501 2686 639 2735 Οὐδεὶς
669 2690 739 2746 γὰρ
770 2689 876 2730 πάντ’
913 2689 991 2731 ἐστὶ
1022 2689 1242 2745 πανολβιος·
1275 2690 1389 2732 ἀλλ’ὀ
1422 2689 1490 2745 μὲν
1524 2690 1664 2738 ἐσθλὸς

501 2759 626 2814 τολμᾷ
659 2760 760 2817 ἔχων
791 2761 833 2802 τὸ
864 2761 978 2802 κακὸν
1010 2760 1101 2802 κούκ
1133 2761 1311 2818 ἐπίδηλος
1341 2763 1446 2817 ὅμως

499 2829 623 2876 δειλὸς
652 2830 766 2872 δὀὖτ’
801 2832 990 2887 ἀγαθοῖσιν
1024 2832 1215 2874 ἐπίσταται
1247 2833 1331 2874 οὔτε
1366 2837 1529 2875 κακοῖσιν

501 2901 623 2955 θυμὸν
656 2901 757 2958 ἔχων
789 2903 949 2956 μίμνειν·
983 2903 1186 2944 ἀθανάτων
1218 2902 1260 2944 δὲ
1291 2903 1413 2951 δόσεις

502 2977 667 3013 παντοῖαι
696 2973 885 3028 θνητοῖσιν
919 2973 1131 3031 ἐπέρχοντ’·
1165 2975 1464 3031 ἀλλ’ἐπιτολμάν

500 3043 577 3100 χρὴ
608 3043 687 3100 δὼῤ
718 3043 937 3094 ἀθανάτων,
969 3047 1027 3086 οἷα
1058 3045 1215 3087 διδοῦσιν
1244 3047 1355 3104 ἔχειν.
