2098 3406
926 296 1189 335 -7—

278 431 328 470 ut
358 426 477 483 cives
508 428 776 480 paterentur.
838 424 971 468 Hunc
1000 423 1090 467 fere
1114 436 1210 467 esse
1231 435 1410 467 sensum
1431 433 1639 466 versuum
1662 420 1838 465 illorum

278 515 464 556 eumque
510 505 662 557 aptum
714 501 1133 554 accomodatumque
1186 501 1243 544 ad
1297 513 1397 544 eum
1448 511 1606 543 rerum.
1643 498 1838 542 civilium

278 584 458 633 statum,
505 580 680 633 qualem
727 583 821 622 tum
858 578 1068 632 temporis
1103 578 1296 633 Megaris
1333 577 1468 620 fuisse
1504 575 1709 628 conicias
1741 575 1838 628 quis

277 660 346 699 est
386 656 459 709 qui
501 655 656 710 neget?
703 654 829 712 ὕβριος
861 654 1056 711 ἡμετέρης
1101 658 1232 708 poeta
1277 654 1421 698 dicere
1468 652 1630 708 potuit,
1677 655 1838 706 quippe

277 733 351 787 qui
366 734 461 787 ipse
485 736 603 776 esset
618 732 907 787 optimatium,
924 732 1128 786 quamvis
1151 736 1421 787 repugnaret
1443 734 1576 784 atque
1597 730 1644 774 id
1660 729 1836 783 quidem

275 811 442 855 frustra
485 811 661 854 illorum
699 810 945 865 superbiae.
1007 810 1112 851 ἀστοὶ
1148 822 1256 864 quos
1294 810 1377 853 hoc
1414 810 1510 852 loco
1548 808 1654 852 dicit
1691 811 1836 862 poeta,

275 901 361 931 non
407 892 458 932 ιιι
492 887 756 932 Leutschius
787 886 964 944 (Philol.
1002 890 1114 930 1876
1161 900 1203 941 p.
1236 887 1340 942 367)
1382 886 1621 939 contendit,
1669 885 1837 928 nobiles

275 965 589 1020 significantur,
621 964 698 1008 sed
729 965 876 1019 potius
908 965 1039 1009 cives.
1052 965 1065 991 ¹

391 1042 530 1086 Iidem
567 1054 723 1085 versus
755 1041 870 1085 infra
899 1041 1059 1085 iterum
1091 1045 1191 1096 post
1226 1054 1405 1086 versum
1441 1044 1555 1084 1080
1585 1041 1649 1084 ita
1680 1040 1838 1083 immu-

274 1119 357 1163 tati
389 1120 593 1174 leguntur
622 1122 672 1163 ut
702 1118 862 1174 prioris
894 1118 1073 1162 distichi
1104 1123 1378 1174 pentameter
1409 1119 1484 1162 sit:

673 1213 850 1270 ὑβριστὴν
881 1214 1058 1271 χαλεπῆς
1087 1214 1255 1270 ἡγεμόνα
1285 1218 1436 1260 στάσιος

272 1314 315 1351 et
372 1321 451 1363 pro
509 1308 656 1352 verbis
709 1307 762 1350 ἔθ’
812 1309 885 1350 οἵδε
936 1310 1110 1364 legatur
1161 1309 1256 1351 ἔασι.
1339 1310 1436 1353 Hos
1489 1321 1646 1352 versus
1699 1308 1835 1351 alium

271 1386 484 1440 praebere
516 1398 691 1430 sensum
725 1389 858 1440 atque
888 1399 929 1428 v.
948 1389 1123 1429 39—42
1157 1390 1356 1441 apparet.
1419 1386 1682 1441 Auguratur
1702 1388 1835 1440 poeta

271 1463 460 1517 patriam
493 1463 714 1507 ambitiosi
752 1467 884 1516 atque
916 1463 1140 1518 imperiosi
1171 1463 1357 1507 alicuius
1396 1463 1584 1507 hominis
1622 1463 1833 1518 praedam

271 1540 377 1594 fore,
409 1553 556 1583 rerum
589 1540 830 1594 potiturum
864 1553 960 1584 esse
1007 1553 1141 1583 unum
1189 1553 1243 1584 ex
1290 1540 1565 1596 demagogis,
1613 1541 1688 1595 qui
1734 1553 1834 1584 cum

271 1617 431 1660 civium
463 1630 607 1662 mores
639 1617 782 1660 adhuc
813 1617 1055 1672 incorrupti
1087 1621 1250 1671 essent,
1298 1617 1383 1671 ipsi
1429 1618 1556 1671 proni
1594 1617 1650 1661 ad
1682 1630 1834 1672 super-

272 1694 387 1737 biam
411 1698 569 1738 essent.
623 1695 790 1738 Versus
819 1698 929 1737 1082
953 1695 1108 1738 melius
1130 1708 1229 1739 cum
1252 1694 1380 1738 huius
1403 1694 1610 1738 carminis
1631 1695 1833 1739 instituto

271 1772 503 1815 convenire
534 1785 633 1816 cum
664 1772 915 1828 Hartungio
947 1772 1187 1827 videretur,
1220 1784 1319 1816 eum
1353 1772 1647 1827 praeoptavit.
1694 1773 1833 1827 Berg-

271 1849 369 1893 kius
413 1853 559 1893 autem
603 1854 837 1904 utrumque
883 1853 1205 1905 pentametrum
1253 1849 1518 1904 Theognidis
1566 1863 1662 1894 esse
1709 1853 1833 1893 ratus

271 1926 565 1970 breviatorem
598 1927 786 1971 disticha
817 1930 993 1971 39—40
1025 1932 1068 1971 et
1103 1931 1334 1971 1081-82
1365 1927 1410 1970 in
1442 1931 1588 1970 artum
1611 1927 1832 1983 redegisse

269 2003 454 2047 coniecit
471 2007 601 2057 atque
623 2005 682 2047 H.
702 2004 1005 2049 Schneidewin
1030 2005 1144 2048 hunc
1172 2005 1263 2048 fere
1286 2004 1600 2048 sententiarum
1617 2017 1831 2048 conexum

269 2085 313 2124 et
357 2068 563 2125 versuum
626 2080 822 2125 ordinem
884 2082 1001 2136 apud
1053 2081 1350 2137 Theognidem
1411 2082 1546 2126 fuisse
1604 2082 1832 2137 probabile

271 2157 552 2202 existimavit.
631 2158 759 2214 Quod
811 2159 959 2202 Hiller
1005 2158 1380 2214 (Jahresberichte
1431 2160 1542 2203 iiber
1588 2159 1657 2202 die
1704 2159 1832 2203 Fort-

271 2235 450 2279 schritte
497 2236 575 2279 der
621 2236 894 2280 klassischen
924 2236 1483 2280 Altertumswissenschast
1523 2240 1635 2280 1886
1682 2250 1724 2291 p.
1759 2238 1833 2291 39)

272 2311 328 2355 ad
358 2313 539 2368 Bergkii
571 2313 831 2357 sententiam
864 2313 1140 2357 refutandam
1185 2314 1352 2366 attulit,
1399 2318 1552 2358 contra
1598 2318 1834 2367 utrumque

367 2465 381 2490 ¹
407 2467 455 2501 cf.
482 2468 546 2502 Fr.
573 2467 717 2502 Cauer:
756 2468 937 2502 Parteien
969 2468 1052 2502 und
1078 2468 1270 2503 Politiker
1307 2469 1350 2503 in
1375 2470 1536 2513 Megara
1574 2469 1657 2503 und
1689 2469 1831 2503 Athen.

272 2524 467 2570 Stuttgart
495 2527 585 2561 1890
610 2539 648 2571 p.
666 2530 699 2562 6.
750 2528 902 2571 Biirger
928 2527 1087 2562 werden
1112 2527 1199 2562 hier
1223 2528 1287 2562 die
1312 2531 1497 2572 genannt,
1524 2529 1672 2563 welche
1699 2529 1835 2563 weiter

271 2584 401 2620 nichts
426 2585 516 2620 sind
541 2587 599 2621 als
624 2588 787 2631 Biirger,
815 2587 897 2621 also
923 2587 1046 2622 Leute
1072 2597 1151 2622 von
1176 2587 1363 2632 geringer
1379 2589 1616 2632 Bedeutung
1640 2588 1695 2622 im
1713 2587 1832 2622 Staat.

271 2644 354 2679 Hoc
379 2647 482 2679 recte
498 2645 599 2680 vidit
616 2646 680 2680 vir
702 2646 859 2688 doctus;
886 2649 1006 2680 totam
1025 2650 1155 2681 autem
1172 2647 1386 2691 imaginem
1403 2647 1516 2681 illam
1533 2650 1570 2681 et
1588 2647 1831 2691 Theognidis

270 2706 306 2737 et
332 2713 463 2737 rerum
490 2704 780 2748 Megarensium
807 2705 856 2739 ab
884 2706 1018 2740 eodem
1045 2705 1283 2749 cogitatione
1314 2706 1512 2749 depictam
1550 2706 1711 2740 omnino
1750 2716 1832 2740 non

268 2771 430 2806 possum
456 2772 587 2796 veram
614 2774 919 2809 expressamque
945 2764 1188 2805 existimare,
1226 2765 1268 2798 in
1307 2775 1384 2808 qua
1409 2764 1511 2799 istuc
1537 2765 1722 2809 delapsus
1760 2768 1831 2806 est,

270 2825 313 2856 ut
338 2821 611 2865 Theognidem
634 2822 677 2856 in
702 2824 939 2858 feneratores
966 2825 1216 2868 Megarenses
1242 2824 1415 2859 referret.
1478 2825 1640 2859 Utinam
1672 2835 1831 2869 sperare

268 2880 385 2916 nobis
410 2880 545 2916 liceret
569 2881 654 2916 fore
677 2885 722 2917 ut
747 2883 962 2928 aliquando
988 2887 1114 2918 totum
1139 2883 1373 2918 ,aedificium
1410 2893 1554 2928 magno
1592 2884 1728 2919 labore
1765 2895 1831 2919 ex-

268 2943 462 2975 structum
500 2940 636 2975 eodem
671 2932 787 2976 modo
827 2943 1006 2977 funditus
1044 2942 1239 2984 deleatur,
1279 2953 1357 2987 quo
1395 2943 1572 2978 eiusdem
1610 2943 1688 2978 viri
1725 2943 1831 2979 docti

267 2999 493 3043 disputatio,
521 3010 621 3044 quae
645 3000 893 3036 inscribitur:
920 3002 992 3036 Die
1019 3001 1273 3037 athenischen
1290 3002 1472 3037 Parteien
1488 3013 1562 3037 vor
1580 3002 1830 3038 Kleisthenes

269 3058 490 3094 Aristotelis
515 3056 710 3101 Ἀθηναίων
734 3058 893 3094 πολιτεία
917 3071 1047 3104 nuper
1072 3061 1232 3096 inventa
1258 3061 1425 3096 refutata
1451 3065 1519 3097 est.
