2098 3406
482 857 944 940 Sententiae
993 857 1586 936 controversae.

257 1190 457 1235 Theognis
483 1191 640 1225 79—80:

399 1261 564 1309 Παύρους
590 1258 761 1307 εὑρήσεις,
788 1257 1012 1302 Πολυπαΐδη,
1037 1257 1180 1306 ἄνδρας
1205 1256 1366 1305 ἑταίρους

397 1318 544 1359 πισιούς
569 1319 609 1354 ἐν
634 1319 812 1365 χαλεποῖς
835 1317 1025 1365 πρήγμασι
1051 1318 1267 1364 γινομένους

256 1391 330 1425 pro
356 1380 568 1427 γινομένους
594 1379 846 1414 scribendum
873 1377 1074 1424 γινόμενος.

1016 1515 1074 1558 II.

259 1590 283 1624 J
285 1589 418 1624 bidem
443 1589 648 1623 969—970:

403 1659 524 1706 ἔφθην
549 1657 701 1702 αἰνῆσας
725 1661 812 1706 πρίν
836 1668 899 1692 σευ
923 1657 1018 1693 uara*
1042 1657 1164 1694 πάντα
1189 1657 1322 1701 δαῆναι

401 1718 514 1762 ἤθεα·
539 1718 608 1753 νῦν
633 1715 749 1761 δ’ἤδη
774 1717 864 1757 ναῦς
890 1715 952 1752 ἅδ’
976 1716 1061 1756 ἑκάς
1085 1717 1204 1764 διὲχω

264 1779 370 1824 quod
389 1778 637 1814 Studemund
662 1779 705 1812 in
731 1778 877 1813 scholis
903 1787 975 1822 pro
1001 1777 1070 1820 ἤδη
1095 1778 1431 1813 commendavisse
1455 1777 1613 1820 dicitur,
1639 1776 1738 1820 ἤκης
1763 1778 1827 1823 (cf.

263 1839 493 1874 Archilochi
518 1839 594 1882 frg.
620 1839 666 1872 42
693 1837 835 1881 Hiller)
861 1838 978 1872 unice
1002 1847 1141 1872 verum
1166 1848 1250 1872 esse
1275 1837 1479 1873 contendo.

1004 1975 1086 2018 HI.

385 2060 433 2094 In
451 2058 625 2094 Ciceron.
645 2058 694 2094 ad.
711 2058 830 2093 Attio.
848 2058 916 2101 IV,
934 2060 967 2101 5,
985 2060 1137 2093 erecte
1160 2058 1281 2093 scribi
1306 2060 1419 2103 puto:
1446 2058 1515 2093 sed
1533 2060 1664 2094 tamen
1680 2059 1826 2094 modici

266 2119 414 2154 fuimus
439 2115 697 2154 ἀποθεώσει
722 2127 795 2162 pro
821 2116 1044 2155 ὑποθέσει.
1094 2121 1133 2151 M
1157 2117 1274 2152 habet
1299 2119 1504 2151 ΛΠΟΘῼΣΙ
1530 2118 1593 2162 (cf.
1620 2118 1832 2154 editionem

266 2179 482 2213 Romanam
508 2178 758 2222 principem).

1013 2278 1090 2322 IV.

270 2363 318 2398 In
343 2362 463 2398 Ovidi·
490 2373 549 2407 ep.
575 2362 732 2397 Paridis
758 2372 793 2397 v.
820 2362 1026 2397 291-292:

411 2435 493 2470 Vix
518 2434 616 2478 fieri,
642 2435 677 2469 si
702 2436 795 2469 sunt
820 2434 924 2469 vires
949 2434 991 2468 in
1017 2434 1167 2469 semine
1191 2444 1357 2477 morum,

412 2494 599 2530 Et-Jovis
626 2497 664 2529 et
689 2494 819 2529 Ledae
843 2494 938 2536 fllia,
964 2496 1069 2528 casta
1094 2496 1217 2538 potes,

271 2553 420 2589 semine
435 2555 667 2598 corruptum
685 2556 742 2588 est
759 2553 1126 2597 restituendumque
1149 2552 1316 2588 semma.
1343 2563 1521 2588 amorum
1547 2552 1652 2596 libri,
1677 2564 1836 2589 morum

271 2613 432 2648 Merkel.

1027 2715 1078 2758 V.

273 2786 321 2821 In
347 2785 467 2822 Ovidi
493 2795 524 2820 e.
550 2785 592 2820 P.
619 2785 687 2828 IV,
713 2788 746 2828 9,
771 2788 834 2821 25:

418 2857 586 2902 Quoque
609 2857 737 2901 magis
762 2858 871 2892 noris
898 2868 1016 2902 quam
1041 2867 1104 2892 me
1129 2858 1355 2902 vulgaria
1380 2861 1598 2903 tangant,

416 2919 642 2961 spectarem,
669 2917 798 2960 qualis
823 2927 1003 2962 purpura
1028 2919 1066 2951 te
1091 2919 1239 2961 tegeret

275 2976 456 3020 vulgaria
481 2978 647 3020 tangant
672 2976 830 3010 defendi
855 2987 971 3020 posse
1001 2986 1101 3020 nego
1133 2976 1464 3022 scribendumque
1495 2987 1692 3022 propono:

418 3035 585 3080 Quoque
609 3035 736 3079 magis
762 3035 869 3069 noris
895 3046 1013 3080 quam
1038 3046 1101 3070 me
1125 3035 1195 3071 tua
1221 3035 1355 3079 gloria
1379 3039 1527 3082 tangat,

418 3097 645 3139 spectarem,
673 3095 801 3139 qualis
827 3105 1007 3139 purpura
1032 3098 1071 3130 te
1094 3098 1252 3140 tegeret.
