<?xml version="1.0" encoding="UTF-8"?>
<!DOCTYPE html PUBLIC "-//W3C//DTD XHTML 1.0 Transitional//EN"
    "http://www.w3.org/TR/xhtml1/DTD/xhtml1-transitional.dtd">
<html xmlns="http://www.w3.org/1999/xhtml" xml:lang="en" lang="en">
 <head>
  <title>
</title>
<meta http-equiv="Content-Type" content="text/html;charset=utf-8" />
  <meta name='ocr-system' content='tesseract 3.04.00' />
  <meta name='ocr-capabilities' content='ocr_page ocr_carea ocr_par ocr_line ocrx_word'/>
</head>
<body>
  <div class='ocr_page' id='page_1' title='image "./deiteratisapudth00schauoft_0022.png"; bbox 0 0 2098 3406; ppageno 0'>
   <div class='ocr_carea' id='block_1_1' title="bbox 905 309 1190 347">
    <p class='ocr_par' dir='ltr' id='par_1_1' title="bbox 905 309 1190 347">
     <span class='ocr_line' id='line_1_1' title="bbox 905 309 1190 347; baseline 0.004 -14"><span class='ocrx_word' id='word_1_1' title='bbox 905 309 1190 347; x_wconf 72' lang='lat'>—14—</span> 
     </span>
    </p>
   </div>
   <div class='ocr_carea' id='block_1_2' title="bbox 271 430 1810 2188">
    <p class='ocr_par' dir='ltr' id='par_1_2' title="bbox 278 430 1810 787">
     <span class='ocr_line' id='line_1_2' title="bbox 399 430 1809 485; baseline 0 -10"><span class='ocrx_word' id='word_1_2' title='bbox 399 431 514 475; x_wconf 81' lang='lat' dir='ltr'><strong>Sunt</strong></span> <span class='ocrx_word' id='word_1_3' title='bbox 537 432 608 485; x_wconf 89' lang='lat' dir='ltr'><strong>qui</strong></span> <span class='ocrx_word' id='word_1_4' title='bbox 643 433 754 474; x_wconf 85' lang='lat' dir='ltr'><strong>hunc</strong></span> <span class='ocrx_word' id='word_1_5' title='bbox 773 432 1072 474; x_wconf 82' lang='lat' dir='ltr'><strong>hexametrum</strong></span> <span class='ocrx_word' id='word_1_6' title='bbox 1103 431 1146 474; x_wconf 91' lang='lat' dir='ltr'><strong>in</strong></span> <span class='ocrx_word' id='word_1_7' title='bbox 1177 430 1404 474; x_wconf 73' lang='lat' dir='ltr'><strong>iteratione</strong></span> <span class='ocrx_word' id='word_1_8' title='bbox 1426 430 1595 474; x_wconf 81' lang='lat' dir='ltr'><strong>distichi</strong></span> <span class='ocrx_word' id='word_1_9' title='bbox 1623 431 1809 484; x_wconf 85' lang='lat' dir='ltr'><strong>positum</strong></span> 
     </span>
     <span class='ocr_line' id='line_1_3' title="bbox 282 506 1810 561; baseline 0.001 -13"><span class='ocrx_word' id='word_1_10' title='bbox 282 507 561 561; x_wconf 82' lang='lat' dir='ltr'><strong>archetypum</strong></span> <span class='ocrx_word' id='word_1_11' title='bbox 594 511 756 560; x_wconf 79' lang='lat' dir='ltr'><strong>putent,</strong></span> <span class='ocrx_word' id='word_1_12' title='bbox 787 518 883 548; x_wconf 91' lang='lat' dir='ltr'><strong>cum</strong></span> <span class='ocrx_word' id='word_1_13' title='bbox 915 506 1171 559; x_wconf 79' lang='lat' dir='ltr'><strong>praesertim</strong></span> <span class='ocrx_word' id='word_1_14' title='bbox 1205 507 1285 549; x_wconf 88' lang='lat' dir='ltr'><strong>hoc</strong></span> <span class='ocrx_word' id='word_1_15' title='bbox 1312 506 1437 550; x_wconf 90' lang='lat' dir='ltr'><strong>modo</strong></span> <span class='ocrx_word' id='word_1_16' title='bbox 1465 506 1682 549; x_wconf 84' lang='lat' dir='ltr'><strong>contraria</strong></span> <span class='ocrx_word' id='word_1_17' title='bbox 1712 519 1810 550; x_wconf 91' lang='lat' dir='ltr'><strong>con-</strong></span> 
     </span>
     <span class='ocr_line' id='line_1_4' title="bbox 279 581 1807 636; baseline 0.001 -13"><span class='ocrx_word' id='word_1_18' title='bbox 279 581 426 624; x_wconf 82' lang='lat' dir='ltr'><strong>trariis</strong></span> <span class='ocrx_word' id='word_1_19' title='bbox 457 582 609 625; x_wconf 91' lang='lat' dir='ltr'><strong>melius</strong></span> <span class='ocrx_word' id='word_1_20' title='bbox 641 582 782 624; x_wconf 86' lang='lat' dir='ltr'><strong>relata</strong></span> <span class='ocrx_word' id='word_1_21' title='bbox 811 581 1053 625; x_wconf 84' lang='lat' dir='ltr'><strong>videantur.</strong></span> <span class='ocrx_word' id='word_1_22' title='bbox 1101 581 1241 636; x_wconf 82' lang='lat' dir='ltr'><strong>Quid?</strong></span> <span class='ocrx_word' id='word_1_23' title='bbox 1272 594 1375 624; x_wconf 92' lang='lat' dir='ltr'><strong>num</strong></span> <span class='ocrx_word' id='word_1_24' title='bbox 1405 594 1513 635; x_wconf 91' lang='lat' dir='ltr'><strong>opus</strong></span> <span class='ocrx_word' id='word_1_25' title='bbox 1544 581 1626 625; x_wconf 85' lang='lat' dir='ltr'><strong>fuit</strong></span> <span class='ocrx_word' id='word_1_26' title='bbox 1654 582 1696 624; x_wconf 93' lang='lat' dir='ltr'><strong>in</strong></span> <span class='ocrx_word' id='word_1_27' title='bbox 1718 586 1807 626; x_wconf 86' lang='lat' dir='ltr'><strong>tam</strong></span> 
     </span>
     <span class='ocr_line' id='line_1_5' title="bbox 280 656 1809 710; baseline 0.001 -11"><span class='ocrx_word' id='word_1_28' title='bbox 280 657 463 710; x_wconf 87' lang='lat' dir='ltr'><strong>simplici</strong></span> <span class='ocrx_word' id='word_1_29' title='bbox 495 657 724 709; x_wconf 84' lang='lat' dir='ltr'><strong>sententia,</strong></span> <span class='ocrx_word' id='word_1_30' title='bbox 761 657 933 710; x_wconf 87' lang='lat' dir='ltr'><strong>qualem</strong></span> <span class='ocrx_word' id='word_1_31' title='bbox 963 661 1192 710; x_wconf 86' lang='lat' dir='ltr'><strong>utrumque</strong></span> <span class='ocrx_word' id='word_1_32' title='bbox 1224 656 1436 700; x_wconf 77' lang='lat' dir='ltr'><strong>distichon</strong></span> <span class='ocrx_word' id='word_1_33' title='bbox 1466 658 1664 710; x_wconf 84' lang='lat' dir='ltr'><strong>praebet,</strong></span> <span class='ocrx_word' id='word_1_34' title='bbox 1711 670 1809 700; x_wconf 92' lang='lat' dir='ltr'><strong>con·</strong></span> 
     </span>
     <span class='ocr_line' id='line_1_6' title="bbox 278 732 1808 787; baseline 0.001 -12"><span class='ocrx_word' id='word_1_35' title='bbox 278 732 459 775; x_wconf 87' lang='lat' dir='ltr'><strong>trarium</strong></span> <span class='ocrx_word' id='word_1_36' title='bbox 494 732 663 776; x_wconf 79' lang='lat' dir='ltr'><strong>acutius</strong></span> <span class='ocrx_word' id='word_1_37' title='bbox 695 732 902 786; x_wconf 82' lang='lat' dir='ltr'><strong>exprimi?</strong></span> <span class='ocrx_word' id='word_1_38' title='bbox 953 733 1106 775; x_wconf 91' lang='lat' dir='ltr'><strong>Nonne</strong></span> <span class='ocrx_word' id='word_1_39' title='bbox 1127 732 1358 775; x_wconf 88' lang='lat' dir='ltr'><strong>conferenti</strong></span> <span class='ocrx_word' id='word_1_40' title='bbox 1379 732 1639 787; x_wconf 83' lang='lat' dir='ltr'><strong>Theognidis</strong></span> <span class='ocrx_word' id='word_1_41' title='bbox 1660 746 1701 776; x_wconf 89' lang='lat' dir='ltr'><strong>v.</strong></span> <span class='ocrx_word' id='word_1_42' title='bbox 1723 737 1808 776; x_wconf 85' lang='lat'><strong>493</strong></span> 
     </span>
    </p>

    <p class='ocr_par' dir='ltr' id='par_1_3' title="bbox 276 812 1492 926">
     <span class='ocr_line' id='line_1_7' title="bbox 557 812 1492 870; baseline 0.001 -16"><span class='ocrx_word' id='word_1_43' title='bbox 557 814 660 868; x_wconf 74' lang='grc' dir='ltr'><strong>ὑμεῖς</strong></span> <span class='ocrx_word' id='word_1_44' title='bbox 689 812 764 855; x_wconf 78' lang='grc' dir='ltr'><strong>δἐὒ</strong></span> <span class='ocrx_word' id='word_1_45' title='bbox 794 815 974 868; x_wconf 73' lang='grc' dir='ltr'>μυθεῖσθε</span> <span class='ocrx_word' id='word_1_46' title='bbox 1003 816 1104 870; x_wconf 78' lang='grc' dir='ltr'><strong>παρὰ</strong></span> <span class='ocrx_word' id='word_1_47' title='bbox 1132 819 1290 870; x_wconf 78' lang='grc' dir='ltr'><strong>κρητῆρι</strong></span> <span class='ocrx_word' id='word_1_48' title='bbox 1321 814 1492 867; x_wconf 83' lang='grc' dir='ltr'><strong>μένοντες</strong></span> 
     </span>
     <span class='ocr_line' id='line_1_8' title="bbox 276 887 504 926; baseline 0 0"><span class='ocrx_word' id='word_1_49' title='bbox 276 887 319 926; x_wconf 80' lang='lat' dir='ltr'><strong>et</strong></span> <span class='ocrx_word' id='word_1_50' title='bbox 348 897 389 926; x_wconf 87' lang='lat' dir='ltr'><strong>v.</strong></span> <span class='ocrx_word' id='word_1_51' title='bbox 423 887 504 926; x_wconf 88' lang='grc'><strong>981</strong></span> 
     </span>
    </p>

    <p class='ocr_par' dir='ltr' id='par_1_4' title="bbox 274 953 1807 1323">
     <span class='ocr_line' id='line_1_9' title="bbox 554 953 1599 1012; baseline -0.001 -17"><span class='ocrx_word' id='word_1_52' title='bbox 554 953 650 1009; x_wconf 84' lang='grc' dir='ltr'><strong>μηδὲ</strong></span> <span class='ocrx_word' id='word_1_53' title='bbox 681 955 780 1010; x_wconf 74' lang='grc' dir='ltr'><strong>παρὰ</strong></span> <span class='ocrx_word' id='word_1_54' title='bbox 810 959 965 1012; x_wconf 75' lang='grc' dir='ltr'><strong>κρητῆρι</strong></span> <span class='ocrx_word' id='word_1_55' title='bbox 995 954 1151 1008; x_wconf 75' lang='grc' dir='ltr'><strong>λόγοισιν</strong></span> <span class='ocrx_word' id='word_1_56' title='bbox 1179 953 1273 1008; x_wconf 81' lang='grc' dir='ltr'><strong>ἐμὴν</strong></span> <span class='ocrx_word' id='word_1_57' title='bbox 1304 953 1422 1010; x_wconf 79' lang='grc' dir='ltr'><strong>φρένα</strong></span> <span class='ocrx_word' id='word_1_58' title='bbox 1452 953 1599 1008; x_wconf 75' lang='grc' dir='ltr'><strong>θέλγοις</strong></span> 
     </span>
     <span class='ocr_line' id='line_1_10' title="bbox 275 1041 1807 1096; baseline -0.001 -12"><span class='ocrx_word' id='word_1_59' title='bbox 275 1046 317 1084; x_wconf 89' lang='lat' dir='ltr'><strong>et</strong></span> <span class='ocrx_word' id='word_1_60' title='bbox 352 1053 464 1094; x_wconf 84' lang='lat' dir='ltr'><strong>quae</strong></span> <span class='ocrx_word' id='word_1_61' title='bbox 501 1043 702 1096; x_wconf 84' lang='lat' dir='ltr'><strong>exempla</strong></span> <span class='ocrx_word' id='word_1_62' title='bbox 736 1043 1012 1085; x_wconf 84' lang='lat' dir='ltr'><strong>Valckenaer</strong></span> <span class='ocrx_word' id='word_1_63' title='bbox 1053 1054 1118 1096; x_wconf 90' lang='lat' dir='ltr'><strong>ep.</strong></span> <span class='ocrx_word' id='word_1_64' title='bbox 1157 1042 1213 1085; x_wconf 79' lang='lat' dir='ltr'><strong>ad</strong></span> <span class='ocrx_word' id='word_1_65' title='bbox 1248 1043 1479 1085; x_wconf 88' lang='lat' dir='ltr'><strong>Rowerum</strong></span> <span class='ocrx_word' id='word_1_66' title='bbox 1517 1041 1740 1095; x_wconf 88' lang='lat' dir='ltr'><strong>(Opuscul.</strong></span> <span class='ocrx_word' id='word_1_67' title='bbox 1771 1042 1807 1095; x_wconf 84' lang='grc' dir='ltr'><strong>Ι,</strong></span> 
     </span>
     <span class='ocr_line' id='line_1_11' title="bbox 275 1116 1806 1173; baseline -0.001 -15"><span class='ocrx_word' id='word_1_68' title='bbox 275 1130 314 1169; x_wconf 88' lang='lat' dir='ltr'><strong>p.</strong></span> <span class='ocrx_word' id='word_1_69' title='bbox 338 1117 440 1172; x_wconf 86' lang='lat'>376)</span> <span class='ocrx_word' id='word_1_70' title='bbox 471 1116 591 1160; x_wconf 89' lang='lat' dir='ltr'><strong>hisce</strong></span> <span class='ocrx_word' id='word_1_71' title='bbox 622 1117 767 1160; x_wconf 81' lang='lat' dir='ltr'><strong>verbis</strong></span> <span class='ocrx_word' id='word_1_72' title='bbox 804 1118 947 1160; x_wconf 84' lang='lat' dir='ltr'><strong>affert:</strong></span> <span class='ocrx_word' id='word_1_73' title='bbox 994 1129 1094 1160; x_wconf 87' lang='lat' dir='ltr'><strong>nam</strong></span> <span class='ocrx_word' id='word_1_74' title='bbox 1140 1117 1253 1160; x_wconf 85' lang='lat' dir='ltr'><strong>sicut</strong></span> <span class='ocrx_word' id='word_1_75' title='bbox 1288 1117 1362 1160; x_wconf 86' lang='lat' dir='ltr'><strong>alii</strong></span> <span class='ocrx_word' id='word_1_76' title='bbox 1398 1116 1561 1170; x_wconf 88' lang='lat' dir='ltr'><strong>passim</strong></span> <span class='ocrx_word' id='word_1_77' title='bbox 1598 1117 1684 1173; x_wconf 78' lang='grc' dir='ltr'><strong>παρ’</strong></span> <span class='ocrx_word' id='word_1_78' title='bbox 1722 1118 1806 1172; x_wconf 76' lang='grc' dir='ltr'><strong>οἴνῳ</strong></span> 
     </span>
     <span class='ocr_line' id='line_1_12' title="bbox 274 1193 1806 1249; baseline -0.001 -15"><span class='ocrx_word' id='word_1_79' title='bbox 274 1193 342 1234; x_wconf 88' lang='lat' dir='ltr'><strong>vel</strong></span> <span class='ocrx_word' id='word_1_80' title='bbox 380 1193 467 1248; x_wconf 78' lang='grc' dir='ltr'><strong>παρ’</strong></span> <span class='ocrx_word' id='word_1_81' title='bbox 505 1193 615 1246; x_wconf 81' lang='grc' dir='ltr'><strong>οἶνον,</strong></span> <span class='ocrx_word' id='word_1_82' title='bbox 652 1193 717 1235; x_wconf 79' lang='lat' dir='ltr'><strong>ita</strong></span> <span class='ocrx_word' id='word_1_83' title='bbox 751 1194 852 1249; x_wconf 83' lang='grc' dir='ltr'><strong>παρὰ</strong></span> <span class='ocrx_word' id='word_1_84' title='bbox 889 1198 1077 1248; x_wconf 84' lang='grc' dir='ltr'><strong>κρητῆρα,</strong></span> <span class='ocrx_word' id='word_1_85' title='bbox 1119 1193 1219 1248; x_wconf 77' lang='grc' dir='ltr'><strong>παρὰ</strong></span> <span class='ocrx_word' id='word_1_86' title='bbox 1263 1197 1473 1248; x_wconf 84' lang='grc' dir='ltr'><strong>κρητῆρας,</strong></span> <span class='ocrx_word' id='word_1_87' title='bbox 1509 1196 1608 1248; x_wconf 81' lang='grc' dir='ltr'><strong>παρα</strong></span> <span class='ocrx_word' id='word_1_88' title='bbox 1649 1197 1806 1249; x_wconf 81' lang='grc' dir='ltr'><strong>κρητῆρι</strong></span> 
     </span>
     <span class='ocr_line' id='line_1_13' title="bbox 274 1267 1494 1323; baseline 0 -14"><span class='ocrx_word' id='word_1_89' title='bbox 274 1267 492 1310; x_wconf 83' lang='lat' dir='ltr'><strong>dixerunt:</strong></span> <span class='ocrx_word' id='word_1_90' title='bbox 524 1268 648 1311; x_wconf 89' lang='lat' dir='ltr'><strong>Pind.</strong></span> <span class='ocrx_word' id='word_1_91' title='bbox 680 1269 804 1310; x_wconf 85' lang='lat' dir='ltr'><strong>Nem.</strong></span> <span class='ocrx_word' id='word_1_92' title='bbox 837 1269 917 1320; x_wconf 83' lang='lat' dir='ltr'><strong>IX,</strong></span> <span class='ocrx_word' id='word_1_93' title='bbox 954 1271 1032 1310; x_wconf 88' lang='grc'><strong>107</strong></span> <span class='ocrx_word' id='word_1_94' title='bbox 1067 1268 1164 1323; x_wconf 88' lang='grc' dir='ltr'>(ΙΧ,</span> <span class='ocrx_word' id='word_1_95' title='bbox 1194 1271 1250 1310; x_wconf 88' lang='lat'><strong>49</strong></span> <span class='ocrx_word' id='word_1_96' title='bbox 1282 1268 1494 1321; x_wconf 88' lang='lat' dir='ltr'><strong>Boeckh):</strong></span> 
     </span>
    </p>

    <p class='ocr_par' dir='ltr' id='par_1_5' title="bbox 274 1355 1805 1487">
     <span class='ocr_line' id='line_1_14' title="bbox 389 1355 1805 1411; baseline 0.003 -16"><span class='ocrx_word' id='word_1_97' title='bbox 389 1355 630 1411; x_wconf 72' lang='grc' dir='ltr'><strong>θαρσαλὲαδὲ</strong></span> <span class='ocrx_word' id='word_1_98' title='bbox 660 1356 759 1411; x_wconf 82' lang='grc' dir='ltr'><strong>παρὰ</strong></span> <span class='ocrx_word' id='word_1_99' title='bbox 789 1355 960 1411; x_wconf 79' lang='grc' dir='ltr'><strong>κρητῆρα</strong></span> <span class='ocrx_word' id='word_1_100' title='bbox 991 1356 1098 1411; x_wconf 77' lang='grc' dir='ltr'>φωνὰ</span> <span class='ocrx_word' id='word_1_101' title='bbox 1127 1356 1273 1409; x_wconf 81' lang='grc' dir='ltr'><strong>γίνεται.</strong></span> <span class='ocrx_word' id='word_1_102' title='bbox 1325 1355 1518 1398; x_wconf 76' lang='lat' dir='ltr'><strong>Telestes</strong></span> <span class='ocrx_word' id='word_1_103' title='bbox 1541 1355 1805 1399; x_wconf 81' lang='lat' dir='ltr'><strong>Selinuntius</strong></span> 
     </span>
     <span class='ocr_line' id='line_1_15' title="bbox 274 1430 1803 1487; baseline 0.001 -14"><span class='ocrx_word' id='word_1_104' title='bbox 274 1431 388 1483; x_wconf 87' lang='lat' dir='ltr'><strong>apud</strong></span> <span class='ocrx_word' id='word_1_105' title='bbox 410 1431 569 1474; x_wconf 81' lang='lat' dir='ltr'><strong>Athen.</strong></span> <span class='ocrx_word' id='word_1_106' title='bbox 596 1431 706 1474; x_wconf 88' lang='lat' dir='ltr'><strong>XIV</strong></span> <span class='ocrx_word' id='word_1_107' title='bbox 731 1444 773 1484; x_wconf 88' lang='lat' dir='ltr'><strong>p.</strong></span> <span class='ocrx_word' id='word_1_108' title='bbox 806 1434 890 1474; x_wconf 87' lang='grc'><strong>626</strong></span> <span class='ocrx_word' id='word_1_109' title='bbox 922 1431 965 1473; x_wconf 88' lang='grc' dir='ltr'><strong>Α</strong></span> <span class='ocrx_word' id='word_1_110' title='bbox 996 1431 1191 1484; x_wconf 88' lang='lat' dir='ltr'><strong>(Anthol.</strong></span> <span class='ocrx_word' id='word_1_111' title='bbox 1223 1430 1326 1485; x_wconf 82' lang='lat' dir='ltr'><strong>Lyr.</strong></span> <span class='ocrx_word' id='word_1_112' title='bbox 1359 1430 1424 1473; x_wconf 90' lang='lat' dir='ltr'><strong>ed.</strong></span> <span class='ocrx_word' id='word_1_113' title='bbox 1457 1431 1597 1474; x_wconf 91' lang='lat' dir='ltr'><strong>Hiller</strong></span> <span class='ocrx_word' id='word_1_114' title='bbox 1627 1445 1666 1484; x_wconf 89' lang='lat' dir='ltr'><strong>p.</strong></span> <span class='ocrx_word' id='word_1_115' title='bbox 1700 1433 1803 1487; x_wconf 87' lang='lat'>234)</span> 
     </span>
    </p>

    <p class='ocr_par' dir='ltr' id='par_1_6' title="bbox 412 1511 1374 1569">
     <span class='ocr_line' id='line_1_16' title="bbox 412 1511 1374 1569; baseline -0.001 -16"><span class='ocrx_word' id='word_1_116' title='bbox 412 1512 567 1569; x_wconf 80' lang='grc' dir='ltr'><strong>Πρῶτον</strong></span> <span class='ocrx_word' id='word_1_117' title='bbox 599 1514 699 1569; x_wconf 77' lang='grc' dir='ltr'><strong>παρὰ</strong></span> <span class='ocrx_word' id='word_1_118' title='bbox 727 1518 921 1569; x_wconf 84' lang='grc' dir='ltr'><strong>κρητῆρας</strong></span> <span class='ocrx_word' id='word_1_119' title='bbox 945 1512 1146 1553; x_wconf 80' lang='grc' dir='ltr'><strong>Ἑλλάνων</strong></span> <span class='ocrx_word' id='word_1_120' title='bbox 1178 1511 1216 1552; x_wconf 83' lang='grc' dir='ltr'><strong>ἐν</strong></span> <span class='ocrx_word' id='word_1_121' title='bbox 1248 1512 1374 1557; x_wconf 77' lang='grc' dir='ltr'><strong>αὐλοῖς</strong></span> 
     </span>
    </p>

    <p class='ocr_par' dir='ltr' id='par_1_7' title="bbox 412 1587 1126 1644">
     <span class='ocr_line' id='line_1_17' title="bbox 412 1587 1126 1644; baseline 0.001 -16"><span class='ocrx_word' id='word_1_122' title='bbox 412 1588 603 1629; x_wconf 77' lang='grc' dir='ltr'>συνοπαδοὶ</span> <span class='ocrx_word' id='word_1_123' title='bbox 632 1587 806 1634; x_wconf 80' lang='grc' dir='ltr'><strong>Πέλοπος</strong></span> <span class='ocrx_word' id='word_1_124' title='bbox 836 1588 974 1644; x_wconf 83' lang='grc' dir='ltr'><strong>ματρὸς</strong></span> <span class='ocrx_word' id='word_1_125' title='bbox 1002 1588 1126 1643; x_wconf 76' lang='grc' dir='ltr'><strong>ὀρείας</strong></span> 
     </span>
    </p>

    <p class='ocr_par' dir='ltr' id='par_1_8' title="bbox 411 1663 874 1719">
     <span class='ocr_line' id='line_1_18' title="bbox 411 1663 874 1719; baseline -0.002 -15"><span class='ocrx_word' id='word_1_126' title='bbox 411 1663 564 1719; x_wconf 82' lang='grc' dir='ltr'><strong>Φρύγιον</strong></span> <span class='ocrx_word' id='word_1_127' title='bbox 596 1666 721 1705; x_wconf 84' lang='grc' dir='ltr'><strong>ἄεισαν</strong></span> <span class='ocrx_word' id='word_1_128' title='bbox 751 1667 874 1717; x_wconf 78' lang='grc' dir='ltr'><strong>νόμον,</strong></span> 
     </span>
    </p>

    <p class='ocr_par' dir='ltr' id='par_1_9' title="bbox 271 1738 1166 1794">
     <span class='ocr_line' id='line_1_19' title="bbox 271 1738 1166 1794; baseline -0.003 -12"><span class='ocrx_word' id='word_1_129' title='bbox 271 1740 417 1794; x_wconf 87' lang='lat' dir='ltr'><strong>Apoll.</strong></span> <span class='ocrx_word' id='word_1_130' title='bbox 449 1739 586 1783; x_wconf 84' lang='lat' dir='ltr'><strong>Rhod.</strong></span> <span class='ocrx_word' id='word_1_131' title='bbox 619 1740 676 1793; x_wconf 85' lang='grc' dir='ltr'><strong>ΙΙ,</strong></span> <span class='ocrx_word' id='word_1_132' title='bbox 712 1743 812 1782; x_wconf 83' lang='lat'>158:</span> <span class='ocrx_word' id='word_1_133' title='bbox 844 1739 928 1780; x_wconf 75' lang='grc' dir='ltr'><strong>οὐδέ</strong></span> <span class='ocrx_word' id='word_1_134' title='bbox 958 1739 1024 1780; x_wconf 85' lang='grc' dir='ltr'><strong>τιν’</strong></span> <span class='ocrx_word' id='word_1_135' title='bbox 1058 1738 1166 1785; x_wconf 78' lang='grc' dir='ltr'><strong>ὖπνος</strong></span> 
     </span>
    </p>

    <p class='ocr_par' dir='ltr' id='par_1_10' title="bbox 272 1814 1803 2188">
     <span class='ocr_line' id='line_1_20' title="bbox 412 1814 1305 1871; baseline -0.002 -15"><span class='ocrx_word' id='word_1_136' title='bbox 412 1815 490 1856; x_wconf 80' lang='grc' dir='ltr'>εἷλε</span> <span class='ocrx_word' id='word_1_137' title='bbox 519 1816 619 1871; x_wconf 80' lang='grc' dir='ltr'><strong>παρὰ</strong></span> <span class='ocrx_word' id='word_1_138' title='bbox 649 1819 805 1871; x_wconf 82' lang='grc' dir='ltr'><strong>κρητῆρι</strong></span> <span class='ocrx_word' id='word_1_139' title='bbox 835 1814 898 1855; x_wconf 84' lang='grc' dir='ltr'><strong>καὶ</strong></span> <span class='ocrx_word' id='word_1_140' title='bbox 928 1814 1134 1868; x_wconf 75' lang='grc' dir='ltr'><strong>αἰθομένοις</strong></span> <span class='ocrx_word' id='word_1_141' title='bbox 1164 1815 1305 1870; x_wconf 79' lang='grc' dir='ltr'><strong>ἱεροῖσιν</strong></span> 
     </span>
     <span class='ocr_line' id='line_1_21' title="bbox 272 1894 1803 1956; baseline -0.003 -10"><span class='ocrx_word' id='word_1_142' title='bbox 272 1904 409 1956; x_wconf 79' lang='lat' dir='ltr'><strong>affert,</strong></span> <span class='ocrx_word' id='word_1_143' title='bbox 441 1907 607 1946; x_wconf 90' lang='lat' dir='ltr'><strong>certum</strong></span> <span class='ocrx_word' id='word_1_144' title='bbox 642 1902 722 1945; x_wconf 88' lang='lat' dir='ltr'><strong>tibi</strong></span> <span class='ocrx_word' id='word_1_145' title='bbox 758 1902 931 1945; x_wconf 85' lang='lat' dir='ltr'><strong>videtur</strong></span> <span class='ocrx_word' id='word_1_146' title='bbox 976 1901 1119 1955; x_wconf 87' lang='lat' dir='ltr'><strong>aptius</strong></span> <span class='ocrx_word' id='word_1_147' title='bbox 1165 1894 1267 1944; x_wconf 87' lang='lat' dir='ltr'><strong>dici:</strong></span> <span class='ocrx_word' id='word_1_148' title='bbox 1319 1901 1448 1942; x_wconf 70' lang='grc' dir='ltr'><strong>πολλοὶ</strong></span> <span class='ocrx_word' id='word_1_149' title='bbox 1483 1901 1552 1942; x_wconf 79' lang='grc' dir='ltr'><strong>τοι1</strong></span> <span class='ocrx_word' id='word_1_150' title='bbox 1586 1904 1708 1947; x_wconf 81' lang='grc' dir='ltr'><strong>πόσιος</strong></span> <span class='ocrx_word' id='word_1_151' title='bbox 1742 1902 1803 1942; x_wconf 77' lang='grc' dir='ltr'><strong>καὶ</strong></span> 
     </span>
     <span class='ocr_line' id='line_1_22' title="bbox 273 1977 1802 2036; baseline -0.002 -15"><span class='ocrx_word' id='word_1_152' title='bbox 273 1980 430 2036; x_wconf 71' lang='grc' dir='ltr'><strong>βρώσιος</strong></span> <span class='ocrx_word' id='word_1_153' title='bbox 467 1981 554 2020; x_wconf 79' lang='grc' dir='ltr'><strong>εἰσιν</strong></span> <span class='ocrx_word' id='word_1_154' title='bbox 590 1979 722 2035; x_wconf 82' lang='grc' dir='ltr'><strong>ἑταῖροι</strong></span> <span class='ocrx_word' id='word_1_155' title='bbox 753 1990 882 2031; x_wconf 86' lang='lat' dir='ltr'><strong>quam</strong></span> <span class='ocrx_word' id='word_1_156' title='bbox 912 1977 1043 2018; x_wconf 81' lang='grc' dir='ltr'><strong>πολλοὶ</strong></span> <span class='ocrx_word' id='word_1_157' title='bbox 1071 1991 1145 2033; x_wconf 81' lang='grc' dir='ltr'><strong>παρ</strong></span> <span class='ocrx_word' id='word_1_158' title='bbox 1174 1983 1331 2034; x_wconf 84' lang='grc' dir='ltr'><strong>κρητῆρι</strong></span> <span class='ocrx_word' id='word_1_159' title='bbox 1362 1977 1458 2033; x_wconf 75' lang='grc' dir='ltr'><strong>φίλοι</strong></span> <span class='ocrx_word' id='word_1_160' title='bbox 1488 1979 1639 2032; x_wconf 76' lang='grc' dir='ltr'><strong>γίνονται</strong></span> <span class='ocrx_word' id='word_1_161' title='bbox 1670 1977 1802 2034; x_wconf 84' lang='grc' dir='ltr'><strong>ἑταῖροι</strong></span> 
     </span>
     <span class='ocr_line' id='line_1_23' title="bbox 272 2053 1802 2110; baseline -0.005 -10"><span class='ocrx_word' id='word_1_162' title='bbox 272 2057 385 2110; x_wconf 87' lang='lat' dir='ltr'><strong>quod</strong></span> <span class='ocrx_word' id='word_1_163' title='bbox 437 2057 490 2099; x_wconf 89' lang='lat' dir='ltr'><strong>de</strong></span> <span class='ocrx_word' id='word_1_164' title='bbox 541 2054 866 2099; x_wconf 78' lang='lat' dir='ltr'><strong>combibonibus</strong></span> <span class='ocrx_word' id='word_1_165' title='bbox 915 2057 1084 2097; x_wconf 86' lang='lat' dir='ltr'><strong>tantum</strong></span> <span class='ocrx_word' id='word_1_166' title='bbox 1134 2057 1252 2096; x_wconf 86' lang='lat' dir='ltr'><strong>recte</strong></span> <span class='ocrx_word' id='word_1_167' title='bbox 1301 2053 1385 2096; x_wconf 86' lang='lat' dir='ltr'><strong>dici</strong></span> <span class='ocrx_word' id='word_1_168' title='bbox 1434 2057 1594 2107; x_wconf 82' lang='lat' dir='ltr'><strong>potest,</strong></span> <span class='ocrx_word' id='word_1_169' title='bbox 1641 2056 1684 2095; x_wconf 86' lang='lat' dir='ltr'><strong>et</strong></span> <span class='ocrx_word' id='word_1_170' title='bbox 1728 2067 1802 2108; x_wconf 76' lang='grc' dir='ltr'><strong>παρ</strong></span> 
     </span>
     <span class='ocr_line' id='line_1_24' title="bbox 273 2128 1803 2188; baseline -0.001 -16"><span class='ocrx_word' id='word_1_171' title='bbox 273 2138 427 2188; x_wconf 75' lang='grc' dir='ltr'><strong>κρητῆρι</strong></span> <span class='ocrx_word' id='word_1_172' title='bbox 459 2132 501 2174; x_wconf 90' lang='lat' dir='ltr'><strong>in</strong></span> <span class='ocrx_word' id='word_1_173' title='bbox 533 2132 614 2174; x_wconf 89' lang='lat' dir='ltr'><strong>hoc</strong></span> <span class='ocrx_word' id='word_1_174' title='bbox 644 2130 856 2173; x_wconf 87' lang='lat' dir='ltr'><strong>distichon</strong></span> <span class='ocrx_word' id='word_1_175' title='bbox 878 2142 901 2172; x_wconf 92' lang='lat' dir='ltr'><strong>e</strong></span> <span class='ocrx_word' id='word_1_176' title='bbox 923 2129 1183 2183; x_wconf 85' lang='lat' dir='ltr'><strong>Theognidis</strong></span> <span class='ocrx_word' id='word_1_177' title='bbox 1215 2129 1333 2182; x_wconf 88' lang='lat' dir='ltr'><strong>locis,</strong></span> <span class='ocrx_word' id='word_1_178' title='bbox 1364 2141 1471 2182; x_wconf 90' lang='lat' dir='ltr'><strong>quos</strong></span> <span class='ocrx_word' id='word_1_179' title='bbox 1501 2139 1634 2182; x_wconf 86' lang='lat' dir='ltr'><strong>supra</strong></span> <span class='ocrx_word' id='word_1_180' title='bbox 1664 2128 1803 2181; x_wconf 81' lang='lat' dir='ltr'><strong>attuli,</strong></span> 
     </span>
    </p>
   </div>
   <div class='ocr_carea' id='block_1_3' title="bbox 271 2203 1884 2267">
    <p class='ocr_par' dir='ltr' id='par_1_11' title="bbox 271 2203 1884 2267">
     <span class='ocr_line' id='line_1_25' title="bbox 271 2203 1884 2267; baseline -0.004 -16"><span class='ocrx_word' id='word_1_181' title='bbox 271 2207 523 2261; x_wconf 84' lang='lat' dir='ltr'><strong>irrepsisse?</strong></span> <span class='ocrx_word' id='word_1_182' title='bbox 589 2206 716 2250; x_wconf 90' lang='lat' dir='ltr'><strong>Adde</strong></span> <span class='ocrx_word' id='word_1_183' title='bbox 761 2206 874 2259; x_wconf 90' lang='lat' dir='ltr'><strong>quod</strong></span> <span class='ocrx_word' id='word_1_184' title='bbox 921 2218 998 2248; x_wconf 88' lang='lat' dir='ltr'><strong>cur</strong></span> <span class='ocrx_word' id='word_1_185' title='bbox 1042 2205 1254 2248; x_wconf 89' lang='lat' dir='ltr'><strong>distichon</strong></span> <span class='ocrx_word' id='word_1_186' title='bbox 1304 2204 1412 2247; x_wconf 90' lang='lat' dir='ltr'><strong>illud</strong></span> <span class='ocrx_word' id='word_1_187' title='bbox 1456 2203 1729 2247; x_wconf 84' lang='lat' dir='ltr'><strong>immutatum</strong></span> <span class='ocrx_word' id='word_1_188' title='bbox 1777 2216 1803 2246; x_wconf 91' lang='lat' dir='ltr'><strong>a</strong></span> <span class='ocrx_word' id='word_1_189' title='bbox 1883 2264 1884 2267; x_wconf 7' lang='grc' dir='ltr'><strong>Ἰ</strong></span> 
     </span>
    </p>
   </div>
   <div class='ocr_carea' id='block_1_4' title="bbox 272 2279 1821 2883">
    <p class='ocr_par' dir='ltr' id='par_1_12' title="bbox 272 2279 1803 2411">
     <span class='ocr_line' id='line_1_26' title="bbox 272 2279 1803 2336; baseline -0.004 -9"><span class='ocrx_word' id='word_1_190' title='bbox 272 2284 502 2336; x_wconf 86' lang='lat' dir='ltr'><strong>nescioquo</strong></span> <span class='ocrx_word' id='word_1_191' title='bbox 535 2282 728 2326; x_wconf 87' lang='lat' dir='ltr'><strong>additum</strong></span> <span class='ocrx_word' id='word_1_192' title='bbox 766 2281 823 2324; x_wconf 91' lang='lat' dir='ltr'><strong>sit</strong></span> <span class='ocrx_word' id='word_1_193' title='bbox 858 2281 1069 2323; x_wconf 89' lang='lat' dir='ltr'><strong>neminem</strong></span> <span class='ocrx_word' id='word_1_194' title='bbox 1108 2280 1261 2334; x_wconf 86' lang='lat' dir='ltr'><strong>fugiet,</strong></span> <span class='ocrx_word' id='word_1_195' title='bbox 1292 2279 1365 2333; x_wconf 91' lang='lat' dir='ltr'><strong>qui</strong></span> <span class='ocrx_word' id='word_1_196' title='bbox 1398 2291 1550 2322; x_wconf 88' lang='lat' dir='ltr'><strong>versus</strong></span> <span class='ocrx_word' id='word_1_197' title='bbox 1580 2279 1652 2331; x_wconf 88' lang='lat' dir='ltr'><strong>qui</strong></span> <span class='ocrx_word' id='word_1_198' title='bbox 1685 2284 1803 2322; x_wconf 89' lang='lat' dir='ltr'><strong>ante-</strong></span> 
     </span>
     <span class='ocr_line' id='line_1_27' title="bbox 273 2357 1141 2411; baseline -0.006 -8"><span class='ocrx_word' id='word_1_199' title='bbox 273 2360 429 2403; x_wconf 85' lang='lat' dir='ltr'><strong>cedunt</strong></span> <span class='ocrx_word' id='word_1_200' title='bbox 460 2358 706 2402; x_wconf 80' lang='lat' dir='ltr'><strong>accuratius</strong></span> <span class='ocrx_word' id='word_1_201' title='bbox 738 2357 902 2411; x_wconf 82' lang='lat' dir='ltr'><strong>legerit.</strong></span> <span class='ocrx_word' id='word_1_202' title='bbox 964 2370 1004 2400; x_wconf 89' lang='lat' dir='ltr'><strong>v.</strong></span> <span class='ocrx_word' id='word_1_203' title='bbox 1038 2360 1141 2399; x_wconf 84' lang='lat'>641:</span> 
     </span>
    </p>

    <p class='ocr_par' dir='ltr' id='par_1_13' title="bbox 580 2436 1548 2493">
     <span class='ocr_line' id='line_1_28' title="bbox 580 2436 1548 2493; baseline -0.004 -13"><span class='ocrx_word' id='word_1_204' title='bbox 580 2440 621 2480; x_wconf 78' lang='grc' dir='ltr'><strong>οὐ</strong></span> <span class='ocrx_word' id='word_1_205' title='bbox 651 2442 704 2480; x_wconf 73' lang='grc' dir='ltr'><strong>τοί</strong></span> <span class='ocrx_word' id='word_1_206' title='bbox 733 2439 907 2493; x_wconf 77' lang='grc' dir='ltr'><strong>κἐἱδείης</strong></span> <span class='ocrx_word' id='word_1_207' title='bbox 937 2438 1011 2479; x_wconf 79' lang='grc' dir='ltr'><strong>οὔτ’</strong></span> <span class='ocrx_word' id='word_1_208' title='bbox 1045 2438 1165 2478; x_wconf 83' lang='grc' dir='ltr'><strong>εὖνοον</strong></span> <span class='ocrx_word' id='word_1_209' title='bbox 1195 2437 1277 2478; x_wconf 83' lang='grc' dir='ltr'><strong>οὔτε</strong></span> <span class='ocrx_word' id='word_1_210' title='bbox 1306 2436 1368 2477; x_wconf 77' lang='grc' dir='ltr'><strong>τὸν</strong></span> <span class='ocrx_word' id='word_1_211' title='bbox 1399 2436 1548 2493; x_wconf 78' lang='grc' dir='ltr'><strong>ἐχθρόν,</strong></span> 
     </span>
    </p>

    <p class='ocr_par' dir='ltr' id='par_1_14' title="bbox 582 2512 1496 2570">
     <span class='ocr_line' id='line_1_29' title="bbox 582 2512 1496 2570; baseline -0.005 -14"><span class='ocrx_word' id='word_1_212' title='bbox 582 2517 612 2556; x_wconf 80' lang='grc' dir='ltr'><strong>εἰ</strong></span> <span class='ocrx_word' id='word_1_213' title='bbox 642 2516 696 2570; x_wconf 80' lang='grc' dir='ltr'><strong>μὴ</strong></span> <span class='ocrx_word' id='word_1_214' title='bbox 727 2514 965 2556; x_wconf 77' lang='grc' dir='ltr'><strong>σπουδαίου</strong></span> <span class='ocrx_word' id='word_1_215' title='bbox 995 2517 1255 2570; x_wconf 78' lang='grc' dir='ltr'><strong>πρήγματος</strong></span> <span class='ocrx_word' id='word_1_216' title='bbox 1284 2512 1496 2567; x_wconf 76' lang='grc' dir='ltr'><strong>ἁντιτύχοις.</strong></span> 
     </span>
    </p>

    <p class='ocr_par' dir='ltr' id='par_1_15' title="bbox 273 2598 1821 2883">
     <span class='ocr_line' id='line_1_30' title="bbox 391 2598 1804 2657; baseline -0.006 -9"><span class='ocrx_word' id='word_1_217' title='bbox 391 2605 473 2649; x_wconf 83' lang='lat' dir='ltr'><strong>Sed</strong></span> <span class='ocrx_word' id='word_1_218' title='bbox 506 2604 619 2657; x_wconf 87' lang='lat' dir='ltr'><strong>quod</strong></span> <span class='ocrx_word' id='word_1_219' title='bbox 639 2603 683 2646; x_wconf 90' lang='lat' dir='ltr'><strong>in</strong></span> <span class='ocrx_word' id='word_1_220' title='bbox 704 2602 826 2645; x_wconf 87' lang='lat' dir='ltr'><strong>initio</strong></span> <span class='ocrx_word' id='word_1_221' title='bbox 848 2601 974 2645; x_wconf 87' lang='lat' dir='ltr'><strong>huius</strong></span> <span class='ocrx_word' id='word_1_222' title='bbox 995 2600 1166 2644; x_wconf 85' lang='lat' dir='ltr'><strong>distichi</strong></span> <span class='ocrx_word' id='word_1_223' title='bbox 1187 2598 1403 2653; x_wconf 84' lang='lat' dir='ltr'><strong>particula</strong></span> <span class='ocrx_word' id='word_1_224' title='bbox 1422 2613 1473 2638; x_wconf 72' lang='lat' dir='ltr'><strong>w.</strong></span> <span class='ocrx_word' id='word_1_225' title='bbox 1494 2598 1804 2651; x_wconf 84' lang='lat' dir='ltr'><strong>reperiebatur,</strong></span> 
     </span>
     <span class='ocr_line' id='line_1_31' title="bbox 274 2674 1821 2729; baseline -0.006 -5"><span class='ocrx_word' id='word_1_226' title='bbox 274 2693 357 2723; x_wconf 92' lang='lat' dir='ltr'><strong>non</strong></span> <span class='ocrx_word' id='word_1_227' title='bbox 388 2680 658 2723; x_wconf 88' lang='lat' dir='ltr'><strong>commodum</strong></span> <span class='ocrx_word' id='word_1_228' title='bbox 690 2678 920 2721; x_wconf 83' lang='lat' dir='ltr'><strong>videbatur</strong></span> <span class='ocrx_word' id='word_1_229' title='bbox 957 2677 1016 2729; x_wconf 84' lang='lat' dir='ltr'><strong>ei,</strong></span> <span class='ocrx_word' id='word_1_230' title='bbox 1053 2675 1124 2729; x_wconf 85' lang='lat' dir='ltr'><strong>qui</strong></span> <span class='ocrx_word' id='word_1_231' title='bbox 1162 2687 1314 2718; x_wconf 88' lang='lat' dir='ltr'><strong>versus</strong></span> <span class='ocrx_word' id='word_1_232' title='bbox 1350 2674 1463 2717; x_wconf 85' lang='lat' dir='ltr'><strong>infra</strong></span> <span class='ocrx_word' id='word_1_233' title='bbox 1498 2674 1660 2727; x_wconf 86' lang='lat' dir='ltr'><strong>positos</strong></span> <span class='ocrx_word' id='word_1_234' title='bbox 1690 2685 1821 2720; x_wconf 74' lang='lat' dir='ltr'><strong>com-v</strong></span> 
     </span>
     <span class='ocr_line' id='line_1_32' title="bbox 274 2749 1804 2809; baseline -0.005 -11"><span class='ocrx_word' id='word_1_235' title='bbox 274 2756 430 2809; x_wconf 85' lang='lat' dir='ltr'><strong>posuit,</strong></span> <span class='ocrx_word' id='word_1_236' title='bbox 461 2755 581 2797; x_wconf 85' lang='lat' dir='ltr'><strong>illam</strong></span> <span class='ocrx_word' id='word_1_237' title='bbox 613 2759 822 2808; x_wconf 84' lang='lat' dir='ltr'><strong>repetere,</strong></span> <span class='ocrx_word' id='word_1_238' title='bbox 854 2753 929 2796; x_wconf 87' lang='lat' dir='ltr'><strong>sed</strong></span> <span class='ocrx_word' id='word_1_239' title='bbox 962 2753 1097 2795; x_wconf 82' lang='lat' dir='ltr'><strong>verba</strong></span> <span class='ocrx_word' id='word_1_240' title='bbox 1127 2750 1190 2793; x_wconf 82' lang='lat' dir='ltr'><strong>ita</strong></span> <span class='ocrx_word' id='word_1_241' title='bbox 1218 2749 1429 2793; x_wconf 86' lang='lat' dir='ltr'><strong>varianda</strong></span> <span class='ocrx_word' id='word_1_242' title='bbox 1459 2753 1601 2803; x_wconf 86' lang='lat' dir='ltr'><strong>erant,</strong></span> <span class='ocrx_word' id='word_1_243' title='bbox 1632 2753 1680 2792; x_wconf 86' lang='lat' dir='ltr'><strong>ut</strong></span> <span class='ocrx_word' id='word_1_244' title='bbox 1709 2760 1804 2792; x_wconf 91' lang='lat' dir='ltr'><strong>sen-</strong></span> 
     </span>
     <span class='ocr_line' id='line_1_33' title="bbox 273 2830 830 2883; baseline -0.004 -9"><span class='ocrx_word' id='word_1_245' title='bbox 273 2831 410 2874; x_wconf 85' lang='lat' dir='ltr'><strong>tentia</strong></span> <span class='ocrx_word' id='word_1_246' title='bbox 439 2843 523 2873; x_wconf 92' lang='lat' dir='ltr'><strong>non</strong></span> <span class='ocrx_word' id='word_1_247' title='bbox 554 2830 830 2883; x_wconf 83' lang='lat' dir='ltr'><strong>discreparet.</strong></span> 
     </span>
    </p>
   </div>
   <div class='ocr_carea' id='block_1_5' title="bbox 273 2918 548 2925">
    <p class='ocr_par' dir='ltr' id='par_1_16' title="bbox 273 2918 548 2925">
     <span class='ocr_line' id='line_1_34' title="bbox 273 2918 548 2925; baseline 0 0"><span class='ocrx_word' id='word_1_248' title='bbox 273 2918 548 2925; x_wconf 95' lang='lat' dir='ltr'><strong> </strong></span> 
     </span>
    </p>
   </div>
   <div class='ocr_carea' id='block_1_6' title="bbox 275 2949 1806 3060">
    <p class='ocr_par' dir='ltr' id='par_1_17' title="bbox 275 2949 1806 3060">
     <span class='ocr_line' id='line_1_35' title="bbox 369 2949 1806 2996; baseline -0.006 -5"><span class='ocrx_word' id='word_1_249' title='bbox 369 2958 380 2982; x_wconf 86' lang='lat'>¹</span> <span class='ocrx_word' id='word_1_250' title='bbox 408 2958 510 2993; x_wconf 90' lang='lat' dir='ltr'><strong>idem</strong></span> <span class='ocrx_word' id='word_1_251' title='bbox 535 2958 746 2992; x_wconf 80' lang='lat' dir='ltr'><strong>hexametri</strong></span> <span class='ocrx_word' id='word_1_252' title='bbox 774 2956 928 2990; x_wconf 85' lang='lat' dir='ltr'><strong>initium</strong></span> <span class='ocrx_word' id='word_1_253' title='bbox 955 2955 1044 2989; x_wconf 86' lang='lat' dir='ltr'><strong>vide</strong></span> <span class='ocrx_word' id='word_1_254' title='bbox 1068 2954 1109 2988; x_wconf 85' lang='lat' dir='ltr'><strong>in</strong></span> <span class='ocrx_word' id='word_1_255' title='bbox 1135 2965 1169 2988; x_wconf 91' lang='lat' dir='ltr'><strong>v.</strong></span> <span class='ocrx_word' id='word_1_256' title='bbox 1191 2954 1267 2995; x_wconf 79' lang='lat'>161,</span> <span class='ocrx_word' id='word_1_257' title='bbox 1293 2953 1361 2987; x_wconf 86' lang='lat'><strong>315</strong></span> <span class='ocrx_word' id='word_1_258' title='bbox 1386 2951 1515 2996; x_wconf 83' lang='lat' dir='ltr'><strong>(quem</strong></span> <span class='ocrx_word' id='word_1_259' title='bbox 1542 2949 1696 2985; x_wconf 77' lang='lat' dir='ltr'><strong>Solonis</strong></span> <span class='ocrx_word' id='word_1_260' title='bbox 1722 2959 1806 2984; x_wconf 78' lang='lat' dir='ltr'><strong>esse</strong></span> 
     </span>
     <span class='ocr_line' id='line_1_36' title="bbox 275 3013 1163 3060; baseline -0.006 -9"><span class='ocrx_word' id='word_1_261' title='bbox 275 3016 449 3060; x_wconf 78' lang='lat' dir='ltr'><strong>constat),</strong></span> <span class='ocrx_word' id='word_1_262' title='bbox 474 3017 555 3057; x_wconf 85' lang='lat'>693,</span> <span class='ocrx_word' id='word_1_263' title='bbox 579 3016 648 3049; x_wconf 80' lang='lat'><strong>965</strong></span> <span class='ocrx_word' id='word_1_264' title='bbox 673 3019 710 3048; x_wconf 81' lang='lat' dir='ltr'><strong>et</strong></span> <span class='ocrx_word' id='word_1_265' title='bbox 734 3015 775 3048; x_wconf 91' lang='lat' dir='ltr'><strong>in</strong></span> <span class='ocrx_word' id='word_1_266' title='bbox 800 3013 1048 3056; x_wconf 73' lang='lat' dir='ltr'><strong>Phocylideis</strong></span> <span class='ocrx_word' id='word_1_267' title='bbox 1073 3014 1105 3054; x_wconf 81' lang='lat'><strong>7,</strong></span> <span class='ocrx_word' id='word_1_268' title='bbox 1135 3013 1163 3046; x_wconf 93' lang='lat'><strong>1.</strong></span> 
     </span>
    </p>
   </div>
  </div>
 </body>
</html>
