2098 3406
937 321 1222 361 —32ffl

318 446 431 488 viros
478 445 626 488 doctos
672 457 801 498 quam
848 456 931 486 non
976 456 1206 498 possumus
1252 444 1465 489 dirimere.
1547 446 1664 490 Fieri
1709 452 1850 501 potest

321 545 371 550 —
403 520 447 564 id
478 521 590 574 quod
623 519 964 565 Studemundius
994 520 1038 563 in
1069 521 1228 564 scholis
1266 521 1463 568 docuisse
1494 521 1666 565 videtur
1695 547 1766 575 —-,
1802 526 1851 566 ut

316 596 451 638 verba
472 595 504 636 ὦ
525 596 597 636 νέοι
619 596 650 635 οἱ
671 599 732 634 νῦν
755 595 890 650 ἄνδρες
910 594 1080 638 initium
1102 595 1275 638 distichi
1301 595 1346 638 in
1367 596 1562 640 codicum
1583 598 1851 652 Theognide·

316 684 440 714 orum
457 672 689 724 archetypo
712 670 833 713 foede
855 670 1043 713 mutilati
1060 674 1102 714 et
1117 683 1170 714 ex
1188 671 1370 715 disticho
1391 675 1676 717 1095—1096
1692 686 1846 728 parum

314 747 421 790 scite
452 746 638 799 suppleti
668 745 767 788 sint.
828 746 980 798 Neque
1013 758 1118 790 vero
1149 747 1506 801 repugnabimus,
1543 749 1581 792 si
1612 749 1708 802 quis
1739 754 1849 794 asci-

315 823 427 865 verit
471 826 513 864 et
558 822 905 875 comprobaverit
940 822 1099 864 Hilleri
1143 822 1402 865 sententiam
1447 823 1660 876 opinantis
1705 825 1850 868 nescio

315 911 441 951 quem
464 900 665 940 conatum
687 909 782 940 esse
803 910 826 940 e
847 897 1042 951 vestigiis
1063 897 1157 940 veri
1179 897 1344 940 exordii
1371 898 1414 940 in
1443 899 1683 952 antiquiore
1704 901 1850 944 codice

315 973 490 1026 relictis,
522 973 669 1025 qualia
699 976 800 1016 sunt
818 1005 962 1015 .....
986 987 1052 1015 eo.
1077 1005 1086 1016 .
1111 1007 1119 1015 .
1148 977 1211 1013 νῦν
1238 974 1290 1016 ἅ.
1323 1006 1331 1016 .
1363 1007 1372 1015 .
1403 1006 1411 1015 .
1441 974 1604 1027 aliquid
1635 977 1848 1029 supplere.

432 1048 518 1103 Qui
548 1052 729 1092 conatus
760 1059 889 1101 quam
925 1061 1009 1091 non
1045 1061 1252 1102 prospere
1297 1050 1553 1093 successerit
1597 1063 1721 1094 nemo
1767 1064 1851 1095 non

315 1124 444 1167 videt.
507 1124 633 1179 Quod
662 1124 878 1178 Bergkius
913 1124 1139 1177 proposuit
1175 1124 1252 1167 sed
1288 1137 1374 1167 non
1410 1126 1611 1178 probavit
1639 1138 1851 1180 apparere

315 1201 428 1243 hanc
458 1201 652 1254 eclogam
685 1212 740 1243 ex
769 1199 970 1242 inferiore
988 1200 1084 1242 loco
1105 1200 1148 1242 in
1170 1200 1437 1253 superiorem
1458 1202 1720 1244 translatum
1741 1215 1851 1258 esse,

315 1288 399 1318 non
421 1276 516 1319 vice
538 1288 681 1328 versa,
713 1275 789 1319 vix
819 1275 1086 1318 crediderim.
1139 1275 1355 1318 Versuum
1384 1276 1597 1330 repetitio,
1628 1280 1727 1320 utut
1755 1281 1853 1321 orta

315 1356 394 1405 est,
427 1352 564 1395 altero
595 1352 690 1395 loco
722 1351 1029 1395 molestissima
1059 1356 1126 1395 est
1157 1355 1201 1394 et
1230 1352 1492 1404 pronominis
1523 1352 1663 1396 forma
1681 1354 1784 1394 τοῦθ’
1807 1353 1852 1396 in

314 1429 423 1468 ταῦθ’
456 1430 626 1471 mutata
657 1427 782 1471 facile
811 1427 1133 1480 interpolatoris
1164 1439 1319 1471 manus
1341 1428 1601 1482 agnoscitur,
1623 1428 1697 1481 qui
1716 1429 1852 1472 verba

314 1516 444 1547 sensu
475 1515 602 1547 cassa
631 1515 769 1556 neque
805 1503 1137 1556 simplicissimis
1175 1503 1488 1557 grammaticae
1524 1504 1693 1558 legibus
1724 1505 1850 1548 oboe-

315 1579 479 1622 dientia
507 1591 764 1632 componere
794 1592 879 1621 non
910 1580 967 1622 sit
996 1579 1175 1622 veritus.

431 1654 462 1697 J
465 1666 537 1697 am
567 1654 623 1697 ad
654 1654 784 1697 finem
814 1654 969 1708 prioris
1000 1654 1168 1708 capitis,
1201 1667 1285 1708 quo
1307 1655 1361 1698 de
1382 1655 1580 1698 omnibus
1601 1654 1708 1698 locis
1737 1655 1852 1698 intra

314 1730 475 1773 librum
506 1730 542 1769 α’
574 1729 744 1772 iteratis
774 1730 899 1773 nobis
930 1730 1239 1784 disputandum
1270 1733 1377 1784 erat,
1410 1731 1697 1784 pervenimus.
1755 1731 1851 1785 Quo

315 1805 419 1859 quid
461 1805 782 1849 demonstrasse
826 1806 949 1849 nobis
988 1805 1216 1849 videamur
1251 1809 1301 1849 ut
1338 1806 1460 1850 brevi
1497 1807 1849 1860 complectamur:

316 1881 514 1924 omnibus
559 1882 647 1924 fere
690 1881 795 1924 locis
841 1885 1020 1935 excepto
1066 1894 1151 1925 uno
1189 1882 1394 1935 alterore,
1430 1881 1475 1924 in
1511 1894 1594 1935 quo
1625 1881 1850 1925 tractando

315 1957 441 2000 nimis
479 1969 601 2000 meae
639 1969 798 2000 causae
835 1969 904 2000 me
941 1956 1160 2000 studuisse
1196 1969 1282 2000 non
1318 1956 1499 2000 deerunt
1540 1957 1612 2010 qui
1648 1956 1849 2009 iudicent,

315 2033 577 2087 Theognidis
608 2033 747 2076 verba
777 2031 920 2085 priore
951 2032 1045 2076 loco
1077 2031 1231 2075 melius
1263 2043 1315 2076 ac
1345 2031 1514 2079 fidelius
1544 2034 1721 2076 servata
1751 2036 1852 2075 sunt

314 2121 446 2162 quam
479 2121 542 2162 eo,
575 2121 658 2162 quo
690 2108 915 2151 iterantur.

432 2184 694 2238 Priusquam
727 2187 873 2227 autem
904 2183 960 2226 ad
992 2196 1066 2227 eos
1096 2195 1250 2227 versus
1280 2183 1475 2236 iteratos,
1512 2183 1585 2236 qui
1614 2182 1659 2226 in
1690 2195 1850 2237 appen-

314 2260 411 2303 dice
441 2259 485 2302 in
515 2260 559 2302 A
588 2263 758 2302 tantum
788 2259 949 2303 tradita
979 2259 1265 2312 inveniuntur,
1297 2258 1567 2311 accedamus,
1600 2271 1683 2312 quo
1715 2258 1849 2301 facili·
1890 2272 1892 2274 '

315 2348 433 2379 orem
455 2348 508 2379 ac
528 2335 730 2378 tutiorem
760 2334 877 2378 viam
900 2334 955 2378 ad
976 2347 1126 2378 eorum
1153 2337 1355 2378 naturam
1382 2333 1653 2387 indolemque
1673 2333 1849 2385 investi·

312 2410 501 2465 gandam
534 2410 655 2454 nobis
687 2410 945 2463 muniamus,
983 2410 1068 2454 duo
1100 2409 1285 2454 disticha
1314 2409 1494 2453 tractari
1525 2422 1633 2463 opus
1664 2409 1848 2462 videtur,

314 2499 424 2540 quas
455 2486 729 2540 repetitiones
761 2486 961 2539 quamvis
991 2486 1239 2529 immutatos
1269 2497 1476 2529 versuum
1507 2485 1663 2539 prioris
1695 2487 1850 2529 collec-

313 2563 442 2606 tionis
481 2575 576 2606 esse
613 2562 722 2606 falso
761 2561 1057 2606 Schneidewin
1093 2560 1313 2605 iudicavit,
1382 2561 1547 2604 Versus
1585 2561 1697 2604 enim
1738 2565 1849 2604 1243

315 2663 370 2669 —
406 2643 517 2681 1244

595 2709 672 2763 Δὴν
702 2708 749 2763 δὴ
781 2708 841 2748 καὶ
871 2708 969 2764 φίλοι
1000 2706 1117 2761 ὦμεν·
1151 2707 1262 2747 ἔπειτ’
1295 2706 1462 2746 ἄλλοισιν
1493 2706 1611 2759 ὁμίλει

593 2778 691 2832 ἦθος
721 2779 821 2834 ἔχων
851 2777 986 2827 δόλιον,
1016 2777 1152 2822 πίστιος
1182 2777 1373 2816 ἀντίτυπον

311 2869 480 2908 tantum
513 2866 650 2919 abest,
681 2870 730 2908 ut
761 2864 901 2908 eidem
931 2864 1019 2908 sint
1049 2867 1178 2917 atque
1210 2876 1252 2906 v.
1286 2866 1534 2907 597—598:

594 2946 672 3001 Δὴν
702 2945 749 3000 δὴ
780 2946 841 2986 καὶ
871 2946 970 3002 φίλα
1001 2945 1118 2999 ὦμεν
1151 2945 1280 3001 ἀτάρτ’
1313 2945 1479 2985 ἄλλοισιν
1509 2944 1627 2998 ὁμίλει

594 3015 778 3073 ἀνδράσιν,
809 3015 840 3056 οἳ.
869 3015 930 3055 τὸν
961 3013 1027 3056 σὺν
1058 3014 1204 3069 μᾶλλον
1232 3014 1330 3054 ἴσασι
1360 3016 1441 3055 νόον
