2098 3406
909 289 1197 330 ..31-

389 420 475 465 Sed
496 432 551 463 ne
574 420 688 463 hane
709 417 1025 474 digressionem
1045 417 1219 472 longius
1242 416 1543 470 extendamuS,
1571 416 1630 459 H.
1655 414 1837 460 Schnei-

269 497 424 551 dewin,
457 497 617 551 quippe
649 495 724 550 qui
756 508 931 550 semper
960 495 1050 538 sere
1081 494 1374 548 antiquiorem
1404 493 1716 547 melioremque
1747 493 1836 536 for-

268 586 385 618 mam
406 586 614 617 versuum
645 574 742 616 loeo
773 571 975 616 inferiore
1005 570 1348 625 deprehendisse
1380 570 1463 615 sibi
1495 569 1714 623 videatur,
1746 582 1834 613 non

268 651 544 704 mirabimur,
598 650 714 704 quod
765 662 820 693 ne
868 648 1074 693 extremis
1122 648 1313 702 quidem,
1365 651 1417 691 ut
1461 647 1632 702 dieitur,
1688 646 1838 702 attigit,

267 727 413 783 digitis
446 727 526 771 hos
563 739 733 781 versus,
771 726 847 780 qui
880 726 936 770 ab
973 725 1145 770 Hillero
1184 725 1431 769 rectissime
1463 725 1528 770 sio
1557 725 1830 770 scribuntur:

375 819 474 860 877.
500 815 684 870 ‘'Hssoqmz,
715 816 802 873 φίλε
832 815 947 870 θυμέ,
977 816 1064 872 τάχ’
1098 814 1146 856 αὖ
1176 814 1274 862 τινὲς
1305 815 1416 856 ἄλλοι
1448 815 1593 857 ἔσονται

508 892 654 949 ἄνδρες,
687 891 760 948 ἐγὼ
792 892 835 934 δὲ
864 890 994 934 θανὼν
1025 897 1112 948 γαῖα
1143 892 1291 947 μέλαιν’
1325 893 1469 947 ἔσομαι.

264 982 344 1038 ἥβα
374 997 434 1037 μοι
466 985 510 1025 et
529 981 740 1025 Ahrensii
773 985 817 1026 et
835 981 1018 1037 Bergkii
1050 982 1264 1036 palmaris
1296 985 1363 1025 est
1395 981 1661 1026 coniectura.
1713 982 1765 1025 In
1785 982 1832 1025 A

264 1060 397 1116 ἡβάνοι
434 1063 665 1103 exaratum
703 1071 801 1103 esse
830 1059 1052 1114 Bergkius
1083 1062 1255 1113 narrat,
1295 1058 1376 1114 ἥβα
1407 1074 1467 1113 μοι
1497 1059 1683 1113 Jordan,
1715 1059 1761 1102 in
1790 1060 1831 1103 B

266 1137 564 1183 Studemundo
595 1140 708 1180 teste
744 1135 824 1191 ἡβά
860 1151 891 1176 οι
926 1136 1151 1180 traditum.
1222 1136 1335 1181 Cum
1370 1137 1563 1191 Bergkio
1599 1137 1833 1180 lectionem

264 1215 424 1259 codicis
462 1215 501 1260 Ο
546 1226 775 1267 revocare,
824 1213 896 1267 qui
943 1226 1023 1268 pro
1060 1214 1147 1270 τάχ’
1181 1213 1229 1254 αὖ
1266 1213 1363 1260 τινὲς
1399 1214 1533 1258 habet
1570 1215 1655 1271 τάχ’
1689 1217 1833 1260 ἁντινες

264 1292 436 1337 0111111110
467 1305 554 1336 11011
586 1304 696 1346 opus
727 1291 916 1335 videtur.
968 1292 1091 1335 Infra
1122 1295 1271 1335 autem
1301 1295 1402 1345 post
1430 1305 1472 1334 v.
1510 1295 1624 1334 1070
1655 1305 1756 1336 eum
1788 1295 1833 1335 et

263 1371 306 1413 in
326 1370 372 1413 A
393 1369 501 1413 etin
523 1370 561 1414 Ο
583 1369 830 1413 hexametri
861 1368 1033 1412 initium
1065 1368 1130 1412 sio
1159 1368 1441 1412 immutatum
1473 1369 1548 1412 sit:
1582 1369 1728 1426 Τέρπεό
1757 1384 1831 1424 μοι,

262 1447 482 1502 Bergkius
523 1447 669 1491 faeere
710 1460 797 1490 non
837 1449 1002 1501 potest,
1040 1446 1146 1500 quin
1190 1459 1288 1490 eam
1330 1446 1530 1490 lectionis
1566 1446 1829 1490 varietatem

263 1537 318 1568 ex
347 1524 709 1578 interpretatione
742 1527 885 1568 ortam
917 1537 1015 1568 esse
1045 1524 1185 1567 libere
1217 1524 1491 1567 confiteatur.
1555 1525 1711 1578 Neque
1750 1524 1830 1567 du-

261 1601 381 1644 bium
414 1605 495 1655 est,
528 1601 631 1655 quin
661 1602 848 1656 vulgare
884 1601 994 1645 illud
1024 1601 1158 1658 τέρπεό
1190 1616 1249 1655 μοι
1281 1602 1337 1645 ab
1372 1614 1422 1645 eo
1455 1602 1698 1645 substituta
1728 1602 1830 1655 sint,

263 1677 336 1731 qui
373 1678 689 1732 proprietatem
725 1679 962 1722 verborum
1006 1678 1052 1721 in
1099 1679 1340 1734 archetypo
1388 1679 1589 1723 codicum
1626 1679 1671 1721 A
1710 1682 1753 1722 et
1790 1679 1829 1723 Ο

261 1756 524 1800 traditorum
562 1758 639 1799 aut
673 1756 770 1811 ipse
806 1769 966 1811 parum
1001 1757 1278 1811 intellegeret
1315 1759 1393 1800 aut
1429 1768 1484 1799 ne
1524 1768 1552 1799 a
1580 1755 1829 1810 legentibus

262 1835 375 1878 iusto
407 1833 550 1877 minus
582 1833 941 1888 intellegerentur
971 1835 1196 1877 metueret.

378 1911 546 1955 Versus
581 1913 871 1954 1095—1096

502 1999 672 2041 Σκέπτεο
702 1999 750 2056 δὴ
782 2003 846 2040 νῦν
878 1999 1010 2050 ἄλλον,
1043 1998 1166 2055 ἐμοίγε
1198 1998 1267 2054 μὲν
1297 1999 1396 2046 οὔτις
1427 2001 1572 2055 ἀνάγκη

502 2077 607 2118 τοῦθ’
642 2077 778 2134 ἕρδειν·
810 2081 886 2118 τῶν
918 2092 977 2132 μοι
1008 2077 1151 2134 πρόσθε
1181 2080 1291 2135 χάριν
1322 2077 1459 2118 τίθεσο.

258 2165 419 2210 iniuria
438 2167 698 2211 Welekerus
721 2178 873 2210 musae
895 2165 1053 2220 puerili
1076 2165 1296 2219 attribuit3
1318 2179 1459 2220 neque
1481 2165 1596 2210 enim
1617 2178 1825 2220 unquam,

261 2243 376 2298 quod
406 2243 595 2297 videam,
628 2244 672 2287 in
703 2243 849 2298 priore
870 2242 1249 2298 Theognideorum
1279 2244 1393 2287 libro
1421 2244 1606 2287 verbum
1629 2243 1746 2301 ἕρδειν
1769 2244 1826 2287 ad

259 2333 329 2364 res
350 2333 563 2365 venereas
584 2320 787 2375 pertinet.
826 2320 1079 2365 Brunekius
1101 2325 1146 2364 et
1164 2322 1344 2364 Bekker
1366 2321 1582 2365 distichon
1604 2320 1826 2376 prioribus

260 2397 501 2442 adhaerere
539 2399 757 2453 putabant
802 2411 940 2451 neque
986 2401 1132 2452 potest
1174 2398 1326 2453 negari
1373 2398 1529 2442 similis
1577 2398 1826 2453 argumenti

259 2488 355 2519 esse
385 2475 494 2519 illud
527 2478 658 2529 atque
691 2475 1014 2529 antecedentia3
1053 2479 1200 2519 tamen
1239 2479 1283 2519 et
1314 2487 1342 2519 a
1371 2475 1591 2529 prioribus
1625 2478 1668 2518 et
1700 2487 1726 2518 a
1759 2488 1826 2518 se-

259 2552 490 2605 quentibus
552 2566 651 2596 eum
703 2551 896 2607 Bergkio
949 2555 1081 2606 atque
1132 2552 1306 2596 Hillero
1365 2553 1594 2607 seiungere
1650 2551 1825 2595 videtur

260 2627 501 2682 praestare.
594 2631 655 2673 Hi
706 2643 862 2674 versus
914 2630 1027 2673 mira
1076 2629 1295 2673 varietate
1346 2633 1447 2683 post
1501 2642 1544 2673 v.
1596 2632 1710 2672 1160
1762 2629 1826 2673 sie

259 2705 410 2760 scripti
441 2710 560 2750 sunt:

543 2788 575 2829 ὡ
606 2790 679 2831 νέοι
711 2791 742 2831 οἱ
772 2794 836 2832 νῦν
868 2790 1003 2849 ἄνδρες
1035 2790 1115 2845 ἐμοί
1146 2804 1187 2845 γε
1220 2788 1289 2844 μὲν
1321 2789 1420 2836 οὔτις
1450 2791 1593 2845 ἀνάγκη

542 2867 652 2908 ταῦθ’
686 2867 822 2925 ἕρδειν·
854 2872 930 2908 τῶν
963 2883 1022 2922 μοι
1053 2867 1196 2924 πρόσθε
1228 2870 1337 2924 χάριν
1368 2867 1506 2908 τίθεσο.

379 2960 464 3015 Qui
495 2960 672 3004 tandem
705 2961 870 3005 factum
902 2961 973 3015 sit,
1005 2963 1056 3004 ut
1076 2961 1120 3004 hi
1143 2974 1299 3005 versus
1331 2962 1480 3016 paullo
1511 2965 1611 3005 ante
1641 2961 1823 3004 exhibiti

257 3038 416 3080 iterum
463 3037 507 3080 in
555 3038 857 3082 collectionem
895 3038 1215 3092 reciperentur,
1262 3039 1561 3083 controversia
1599 3040 1666 3081 est
1711 3039 1824 3081 inter
