2098 3406
335 1039 389 1120 P
389 1082 458 1122 ost
489 1077 647 1130 studia,
680 1077 837 1131 quibus
869 1077 968 1120 inde
1001 1077 1057 1120 ab
1085 1077 1363 1120 Immanuele'
1379 1078 1598 1131 Bekkero‚
1633 1090 1659 1121 a
1691 1090 1776 1131 quo

216 1155 356 1211 omnis
389 1159 457 1198 est
488 1154 718 1208 disciplina
749 1154 1053 1209 Theognidea‚
1092 1154 1175 1197 viri
1214 1154 1330 1197 docti
1367 1154 1446 1197 Th.
1479 1155 1700 1210 Bergkius
1731 1155 1774 1197 in

215 1233 328 1276 Mus.
357 1232 494 1275 Rhen.
526 1232 639 1274 Nov.
668 1232 754 1274 vol.
786 1231 855 1274 III
886 1244 927 1284 p.
957 1225 1043 1273 206
1076 1243 1169 1285 sqq.
1193 1234 1237 1274 et
1264 1244 1305 1285 p.
1329 1234 1414 1274 396
1447 1244 1555 1286 sqq„
1588 1233 1776 1275 Hartius

215 1308 258 1351 in
290 1308 437 1352 annali
469 1308 689 1363 philologo
737 1308 839 1351 anni
889 1311 1000 1351 1868
1048 1321 1089 1362 p.
1129 1311 1382 1362 333—336‚
1436 1307 1778 1363 Christophorus

215 1386 389 1440 Ziegler
433 1385 595 1428 ibidem
634 1398 675 1439 p.
710 1388 795 1428 329
828 1397 920 1439 sqq.
962 1397 1008 1428 se
1057 1385 1290 1438 dederunt,
1338 1385 1382 1427 in
1429 1385 1531 1429 crisi
1562 1385 1778 1440 Theogni-

214 1462 395 1505 deorum
429 1461 674 1505 exercenda
706 1474 734 1505 a
763 1461 887 1505 libris
918 1462 962 1505 A
985 1466 1029 1505 et
1050 1462 1088 1506 Ο
1117 1461 1480 1516 proficiscendum
1507 1474 1605 1506 esse
1627 1474 1778 1505 omnes

215 1539 502 1582 consentiunt.
565 1539 771 1582 Codicem
802 1539 866 1593 A,
899 1552 982 1593 quo
1017 1540 1246 1583 Bekkerus
1286 1539 1452 1593 primus
1483 1552 1590 1583 usus
1622 1542 1690 1583 est
1721 1540 1777 1583 ad

215 1615 479 1669 Theognidis
512 1616 659 1670 elegos
693 1615 882 1659 edendos
916 1628 1027 1659 anno
1055 1620 1166 1659 1815
1197 1629 1414 1671 quemque
1436 1617 1480 1660 in
1503 1617 1776 1670 praefatione

215 1692 397 1735 alterius
430 1691 631 1735 editionis
669 1704 782 1735 anno
817 1695 927 1734 1827
968 1696 1150 1735 curatae
1180 1693 1473 1738 Mutinensem
1512 1706 1559 1737 se
1591 1706 1776 1737 vocasse

215 1769 459 1822 profitetur,
491 1781 576 1812 non
609 1768 723 1822 quod
754 1769 927 1812 Mutina
958 1769 1155 1812 Parisios
1186 1769 1400 1822 venisset,
1448 1770 1526 1813 sed
1558 1771 1777 1814 communi

214 1851 307 1889 tum
342 1846 547 1898 omnium,
580 1845 651 1898 qui
686 1858 740 1888 ex
761 1845 923 1889 Italiae
954 1845 1194 1899 superioris
1227 1846 1502 1890 bibliothecis
1535 1847 1776 1890 minoribus

216 1923 447 1967 Parisinae
478 1923 591 1966 illati
630 1927 796 1976 essent,
844 1922 1017 1966 nomine
1063 1935 1222 1966 revera
1257 1935 1343 1966 non
1374 1924 1667 1968 Mutinensem
1700 1924 1777 1967 sed

215 2001 514 2043 Veronensem
547 2011 644 2043 esse
667 1999 915 2044 Guilelmus
939 1999 1226 2053 Studemund‚
1260 2000 1329 2043 vir
1360 1999 1428 2044 his
1459 2000 1618 2044 litteris
1650 2012 1777 2054 prae·

216 2081 391 2120 matura
444 2081 584 2119 morte
638 2080 833 2130 ereptus,
881 2076 1248 2120 commentatione
1296 2077 1350 2120 de
1397 2077 1776 2132 Theognideorum

217 2154 428 2198 memoria
475 2155 597 2198 libris
644 2166 776 2197 manu
824 2154 999 2207 scriptis
1046 2158 1224 2197 servata
1261 2154 1366 2210 (ind.
1401 2155 1500 2197 lect.
1533 2154 1774 2197 Vratislav.

217 2243 297 2284 per
316 2231 503 2274 hiemem
525 2231 627 2274 anni
653 2234 884 2274 1889-90
906 2231 1110 2286 habend.)
1132 2231 1480 2275 demonstravit.1
1529 2231 1777 2274 Dolendum

218 2320 324 2350 sane
355 2312 436 2361 est,
469 2308 583 2362 quod
617 2309 823 2352 acerbum
856 2308 994 2351 fatum
1016 2309 1208 2352 Hem-ico
1231 2309 1263 2352 J
1266 2308 1430 2352 ordano
1453 2320 1538 2352 non
1562 2308 1775 2362 permisit,

219 2389 269 2427 ut
299 2385 507 2428 lectiones
540 2385 702 2429 codicis
734 2386 777 2428 A
809 2386 985 2428 saeculo
1017 2385 1061 2428 X
1093 2385 1257 2439 scripti,
1291 2398 1417 2439 quem
1450 2385 1607 2429 ceteris
1640 2385 1776 2428 omni-

219 2461 299 2504 bus
330 2473 416 2504 non
454 2462 582 2505 modo
630 2467 808 2506 servata
855 2462 1052 2517 syllegae
1084 2462 1391 2517 Theognideae
1430 2461 1670 2516 appendice
1701 2461 1777 2504 sed

218 2537 349 2580 etiam
382 2539 643 2592 antiquitate
675 2544 717 2583 et
750 2539 942 2583 bonitate
974 2543 1199 2593 praestare
1231 2542 1425 2592 constat,
1459 2539 1690 2593 diligenter
1721 2539 1777 2581 ab

218 2613 313 2667 ipso
346 2618 546 2659 enotatas
578 2616 743 2669 publici
774 2615 882 2659 iuris
916 2616 1092 2659 faceret.
1155 2616 1281 2670 Quae
1305 2628 1403 2659 cum
1432 2615 1496 2658 ita
1525 2615 1625 2667 sint,
1658 2615 1701 2657 in
1725 2626 1779 2657 ea

221 2690 380 2733 codicis
412 2691 455 2734 A
487 2692 738 2746 collatione,
787 2704 916 2746 quam
948 2691 1143 2735 Bekkeri
1181 2692 1359 2735 editioni
1392 2691 1520 2735 alteri
1551 2691 1776 2741 debemus,

221 2766 585 2820 acquiescendum
617 2770 700 2812 erit
731 2769 982 2813 cautissime
1006 2772 1176 2812 tantum
1200 2768 1408 2812 adhibitis
1433 2768 1494 2811 eis
1519 2767 1777 2811 lectionibus

221 2844 415 2887 virorum
462 2844 687 2888 doctorum
734 2845 944 2902 (Presseli
991 2845 1034 2888 in
1075 2845 1232 2888 Philol.
1273 2850 1375 2889 tom.
1408 2845 1582 2889 XXIX.
1616 2858 1657 2899 p.
1692 2848 1774 2888 547

317 2974 326 2997 ¹
357 2974 466 3008 Idem
493 2974 568 3008 viri
595 2974 810 3009 doctissimi
837 2976 1009 3010 defuncti
1036 2975 1362 3011 commentatione
1394 2977 1455 3010 vel
1495 2976 1675 3020 ignorata
1714 2976 1774 3009 vel

221 3034 397 3077 neglecta
422 3034 555 3068 docuit
582 3033 623 3068 C.
651 3034 695 3069 O.
722 3035 889 3069 Zuretti:
930 3035 1126 3069 Veronese
1151 3044 1231 3069 non
1258 3034 1476 3070 Modenese.
1539 3035 1605 3069 Pel
1645 3035 1777 3069 codiee

219 3093 254 3125 A
280 3092 319 3126 ‹li
348 3093 557 3137 Teognide.
610 3092 759 3127 Rivista
785 3093 825 3127 di
856 3093 1050 3137 F'ilologia
1081 3093 1170 3128 1890
1197 3104 1232 3137 p.
1263 3093 1328 3128 161
1355 3105 1441 3139 sqq.

1476 3153 1493 3186 1
