2098 3406
923 291 1220 332 ..25-

291 425 479 470 editione
509 424 610 478 fuit,
658 422 762 477 quin
793 421 895 465 huic
925 419 1100 464 lectioni
1133 419 1498 473 adstipularetur‚
1544 415 1610 459 illi
1648 415 1858 459 adversa-

292 508 426 547 retur.
489 501 708 546 Henricus
740 503 888 543 autem
919 497 1091 542 Jordan
1124 496 1278 540 enixus
1327 498 1394 539 est
1439 497 1484 538 et
1529 493 1764 546 contendit,
1810 496 1862 536 ut

291 580 424 624 etiam
456 580 539 623 hoc
569 579 664 622 loco
696 577 926 621 lectionem
957 574 1116 629 prioris
1147 573 1233 616 1001
1280 571 1456 616 lectioni
1503 570 1686 615 alterius
1732 581 1860 623 prae-

291 662 411 701 stare
443 655 705 700 ostenderet.
782 654 939 707 Neque
968 656 1118 696 tamen
1163 651 1277 694 hanc
1324 649 1600 703 sententiam,
1647 652 1859 702 quantum

291 735 433 788 video,
464 733 572 778 viris
611 732 752 776 doctis
799 730 1017 786 probavit.
1094 728 1312 782 Equidem
1358 740 1445 771 non
1482 740 1640 771 vereor
1684 739 1733 770 re
1779 726 1864 769 hoc

290 811 466 866 quidem
494 812 589 854 1000
620 810 659 853 01
690 808 913 861 assentiri3
947 819 1137 860 namque
1166 805 1285 860 θυμὸν
1308 805 1410 862 ἔχων
1432 806 1575 859 μίμνειν
1604 804 1642 848 si
1663 803 1862 859 legimus,

290 889 452 943 optime
482 887 681 942 procedit
712 885 1028 930 sententiarum
1050 884 1156 928 ordo
1188 883 1366 936 iamque
1396 882 1441 925 in
1474 895 1524 926 eo
1547 885 1628 936 est,
1658 884 1709 925 ut
1729 893 1863 924 enun-

289 966 447 1010 tiatum
479 970 612 1010 antea
642 964 896 1007 incohatum
930 962 987 1006 ad
1018 962 1148 1005 finem
1176 961 1490 1016 perducamus:
1523 971 1691 1014 pravus
1713 964 1862 1004 autem

289 1057 430 1098 neque
460 1044 505 1087 in
542 1043 676 1086 rebus
723 1040 927 1085 secundis
974 1052 1116 1093 neque
1161 1039 1207 1082 in
1254 1038 1455 1082 adversis
1502 1038 1586 1082 scit
1638 1038 1864 1082 obstinata

291 1124 434 1165 mente
481 1121 713 1164 obdurare.
780 1119 880 1162 Hoc
925 1117 1054 1160 modo
1103 1116 1330 1171 aptissime
1377 1115 1567 1170 oppositi
1613 1119 1716 1159 sunt
1762 1116 1863 1159 boni

290 1198 500 1252 homines,
534 1197 607 1251 qui
640 1195 942 1240 calamitatem
973 1195 1046 1238 vel
1077 1193 1388 1248 gravissimam
1420 1192 1657 1247 perferant,
1695 1193 1862 1247 pravis,

289 1275 364 1329 qui
394 1288 536 1329 neque
566 1274 612 1317 in
642 1273 769 1317 bonis
801 1285 941 1326 neque
972 1271 1017 1314 in
1055 1270 1184 1314 malis
1232 1271 1365 1314 rebus
1412 1270 1572 1313 durare
1619 1269 1861 1314 didicerint.

289 1352 354 1396 At
389 1352 509 1407 θυμὸν
548 1352 649 1408 ἔχων
687 1350 791 1405 quid
838 1350 922 1393 1100
968 1347 1051 1392 sibi
1093 1347 1215 1392 vult?
1277 1348 1433 1391 Nonne
1481 1360 1656 1401 semper
1701 1347 1864 1402 legitur

291 1430 411 1485 θυμὸν
443 1430 542 1486 ἔχειν
575 1428 724 1473 addito
757 1427 976 1471 adiectivo
1009 1427 1083 1470 vel
1114 1424 1371 1480 pronomine
1392 1426 1465 1468 vel
1493 1424 1730 1468 adverbio?
1763 1425 1862 1470 Scio

291 1508 375 1551 1100
404 1507 469 1550 ita
501 1519 618 1560 esse,
666 1506 718 1549 cf.
751 1505 870 1548 intra
900 1504 1045 1548 minus
1075 1503 1233 1559 viginti
1264 1515 1422 1547 versus
1453 1506 1523 1545 ter
1569 1502 1687 1556 apud
1720 1503 1862 1546 Theo-

292 1584 465 1638 gnidem
503 1597 544 1627 V.
580 1586 665 1625 748
697 1582 759 1623 καὶ
789 1583 870 1623 τίνα
901 1582 1022 1636 θυμὸν
1055 1582 1156 1638 ἔχων

504 1669 546 1698 V.
581 1657 665 1697 765
698 1654 889 1710 ὁμόφρονα
919 1653 1040 1707 θυμὸν
1073 1653 1228 1710 ἔχοντες

581 1730 668 1770 754
699 1728 878 1783 σώφρονα
907 1725 1028 1779 θυμὸν
1061 1725 1162 1782 ἔχων

583 1801 670 1841 910
699 1797 761 1838 καὶ
791 1797 879 1854 δίχα
908 1797 1029 1851 θυμὸν
1062 1797 1142 1854 ἔχω

296 1880 340 1919 et
371 1875 488 1929 apud
520 1875 766 1918 Hesiodum
795 1875 832 1919 O
860 1875 903 1918 D
934 1877 1016 1917 147
1051 1874 1267 1928 ἀδάμαντος
1301 1873 1388 1930 ἔχον
1419 1876 1702 1930 κρατερόφρονα
1732 1873 1866 1926 θυμόν.

297 1952 383 1997 Sed
432 1966 531 1996 cum
578 1952 693 1996 idem
729 1951 954 1996 Hesiodus
993 1951 1112 1995 dicat
1149 1951 1219 2007 (Ο.
1251 1952 1308 1995 D.
1342 1951 1446 2006 441)
1486 1951 1621 2006 μηκέτι
1652 1951 1869 1992 παπταίνων

298 2030 388 2084 μεθ’
427 2030 634 2086 ὁμήλικας,
673 2029 763 2070 ἀλλ’
805 2029 862 2070 ἐπὶ
908 2029 1004 2086 ἔργῳ
1051 2029 1195 2083 θυμὸν
1247 2029 1385 2085 ἔχων,
1423 2028 1666 2084 Theognidi
1713 2028 1867 2072 eodem

297 2107 541 2151 hexametri
586 2108 682 2151 1000
729 2120 815 2150 11011
862 2106 1204 2151 abiudicandum
1247 2107 1350 2150 erit:
1398 2105 1523 2152 δειλὸς
1559 2106 1635 2147 οὔτ’
1676 2106 1867 2161 ἀγαθοῖσιν

299 2184 488 2225 ἐπίσταται
541 2184 625 2225 οὔτε
682 2189 845 2224 κακοῖσιν
893 2184 1012 2237 θυμὸν
1062 2184 1164 2240 ἔχων
1210 2185 1371 2238 μίμνειν·
1427 2184 1479 2226 cf.
1524 2197 1566 2226 V.
1616 2186 1866 2235 395—396,

298 2261 455 2315 quibus
494 2261 763 2305 contrarium
795 2261 890 2304 viro
922 2261 1035 2304 bono
1068 2260 1342 2304 attribuitur:

530 2343 595 2379 τοῦ
630 2338 697 2393 μὲν
730 2339 800 2395 γὰρ
835 2339 882 2379 τά
914 2338 1037 2378 δίκαια
1067 2343 1192 2395 φρονεῖ
1221 2340 1318 2387 νόος,
1350 2338 1434 2379 οὔτέ
1466 2352 1535 2394 περ
1567 2338 1637 2378 αἰεὶ

529 2416 629 2457 ἰθεῖα
658 2417 791 2471 γνώμη
825 2415 1003 2471 στήθεσιν
1036 2414 1223 2471 ἐμπεφύῃ.

420 2492 586 2538 Contra
616 2493 737 2547 θυμὸν
769 2493 874 2547 ὁμῶς
906 2493 1043 2547 μίσγειν
1076 2492 1180 2546 quid
1211 2492 1296 2536 sibi
1326 2492 1446 2546 velit,
1478 2493 1609 2546 plane
1640 2505 1711 2536 me
1742 2492 1865 2547 fugit.

301 2569 436 2614 Certe
459 2570 712 2624 enuntiatio,
741 2583 829 2624 qua
851 2570 1011 2614 dicitur
1032 2581 1196 2623 pravos
1222 2582 1304 2613 1100
1332 2569 1458 2613 bonis
1480 2582 1561 2613 nec
1583 2569 1714 2613 malis
1735 2570 1869 2613 rebus

303 2647 470 2702 pariter
501 2647 692 2691 animum
727 2648 911 2692 miscere
943 2646 1148 2690 didicisse
1171 2646 1257 2700 vel,
1288 2649 1338 2689 ut
1358 2647 1429 2690 W.
1453 2646 1505 2689 E.
1529 2647 1694 2690 Weber
1715 2646 1867 2690 vertit:

515 2730 652 2786 Feige
685 2731 882 2786 dagegen
913 2730 1147 2774 verstehen
1179 2741 1228 2773 so
1258 2729 1402 2783 wenig
1433 2729 1532 2772 dem
1563 2728 1712 2774 Gluck

730 2802 812 2846 wie
844 2802 943 2846 dem
974 2801 1111 2845 Leide

519 2877 676 2923 Glcich
705 2891 761 2922 zu
792 2879 1043 2934 gebehrden
1075 2878 1159 2922 den
1187 2877 1303 2921 Mut!

307 2967 389 3011 1100
418 2969 514 3012 1000
547 2967 724 3011 minime
756 2968 957 3023 quadrat,
995 2968 1072 3012 ubi
1104 2971 1148 3011 et
1192 2967 1237 3011 in
1282 2965 1436 3022 primis
1483 2971 1527 3012 et
1571 2968 1616 3012 in
1663 2968 1870 3012 extremis

311 3045 512 3089 versibus
543 3045 830 3099 praecipitur:
863 3049 1014 3099 persta
1045 3048 1177 3098 atque
1200 3044 1389 3089 obdura!
1422 3045 1537 3101 Quid
1560 3045 1613 3090 de
1634 3045 1871 3090 lectionum
