2098 3406
897 289 1154 328 „2-

258 429 348 468 sqq.
398 420 442 458 et
487 427 570 458 van
618 415 694 456 der
730 412 862 467 Meyi:
911 412 1159 457 Studiorum
1203 413 1572 467 Theognideorum
1620 427 1713 468 cap.
1745 416 1782 457 V

258 490 456 544 Lugduni
486 491 754 533 Batavorum
790 491 900 530 1869
932 501 971 541 p.
1004 492 1060 530 48
1092 487 1221 543 sqq),
1268 500 1379 541 quae
1410 500 1437 531 a
1466 489 1667 532 Bekkero
1699 490 1784 533 dis-

256 571 446 618 crepant.
507 563 814 608 Percommode
845 567 989 606 autem
1021 563 1188 616 accidit,
1221 563 1332 616 quod
1365 563 1608 607 Guilelmus
1631 565 1785 608 Stude-

256 641 387 684 mund
411 640 567 683 codicis
585 639 636 691 O,
660 650 786 691 quem
802 651 904 681 vere
927 638 1028 681 anni
1052 642 1163 680 1889
1192 638 1356 681 frustra
1376 650 1452 691 per
1472 643 1607 682 totam
1632 640 1783 683 biblio—

255 717 424 759 thecam
457 714 714 757 Vaticanam
745 714 988 766 quaesitum
1021 725 1116 756 esse
1154 718 1283 766 atque
1318 713 1476 756 infelici
1512 726 1616 758 casu
1648 727 1785 768 nuper

255 791 461 834 amissum
493 789 630 832 videri
652 790 879 843 Augustus
902 789 1005 831 Mau
1030 788 1322 831 Studemundo
1354 788 1648 842 rescripserat,
1681 802 1782 843 apo-

254 867 446 920 graphon
477 870 566 907 tam
597 865 752 919 insigni
797 870 839 906 et
885 864 1013 906 unica
1043 864 1317 906 accuratione
1348 863 1605 917 confectum,
1651 869 1700 908 ut
1730 878 1782 907 ne

253 943 306 985 de
336 941 528 984 minutiis
558 940 728 994 quidem
761 939 959 982 dubitare
990 939 1151 991 liceret,
1189 939 1233 981 in
1262 939 1403 982 indice
1433 939 1508 982 illo
1539 940 1781 993 lectionum,

252 1030 378 1070 quem
409 1029 544 1070 supra
572 1015 805 1068 nominavi,
837 1014 1162 1068 exprimendum
1193 1015 1375 1058 curavit.

368 1092 452 1136 His
483 1092 651 1135 duobus
697 1091 917 1134 codicibus
962 1094 1164 1134 accurate
1209 1091 1379 1133 collatis
1425 1095 1554 1143 atque
1599 1092 1782 1145 cognitis

252 1182 348 1212 cum
379 1169 423 1211 in
453 1168 701 1211 universum
732 1167 1057 1210 fundamentum
1089 1167 1259 1209 firmum
1291 1166 1554 1210 collectionis
1571 1167 1782 1221 Theogni-

251 1245 359 1287 deae
373 1248 490 1287 recte
507 1247 551 1287 et
571 1242 865 1286 aestimandae
888 1247 931 1284 et
952 1242 1251 1294 recensendae,
1274 1245 1366 1284 tum
1389 1241 1480 1285 eius
1502 1243 1780 1296 quaestionis,

250 1332 362 1374 quae
393 1324 459 1362 est
488 1319 552 1362 de*
572 1318 765 1362 distichis
795 1317 963 1360 iteratis
993 1317 1037 1360 in
1067 1317 1284 1371 farragine
1320 1317 1658 1370 fragmentorum
1694 1319 1781 1361 ele·

250 1396 471 1450 giacorum
518 1394 751 1438 maximam
801 1397 969 1447 partem
1021 1393 1077 1436 ad
1127 1393 1418 1446 Theognidem
1477 1393 1779 1446 pertinentium

251 1471 546 1525 profligandae
577 1475 620 1513 et
649 1481 786 1523 paene
817 1470 872 1512 ad
901 1469 1027 1512 finem
1057 1468 1354 1521 perducendae
1374 1468 1534 1512 iactum
1557 1473 1635 1512 est.
1683 1469 1781 1523 Quo

251 1547 362 1591 enim
393 1547 490 1600 quis
521 1545 734 1589 vetustior
763 1545 1037 1597 meliorisque
1068 1549 1196 1587 notae
1232 1544 1368 1587 codex
1413 1547 1498 1596 est,
1546 1556 1595 1587 eo
1642 1544 1782 1587 maior

250 1635 454 1666 numerus
499 1621 779 1665 distichorum
825 1621 869 1663 in
915 1633 965 1663 eo
1011 1620 1292 1673 repetitorum
1338 1622 1415 1663 est.
1506 1619 1652 1674 Quare
1695 1632 1780 1662 non

250 1698 506 1741 mirabimur
535 1697 648 1749 quod
679 1697 815 1739 codex
837 1697 880 1740 A
911 1701 1083 1750 praeter
1112 1697 1210 1740 illos
1231 1708 1382 1739 versus
1413 1695 1606 1748 iteratos,
1637 1695 1711 1748 qui
1736 1696 1779 1738 in

251 1773 502 1816 collectione
546 1773 784 1816 carminum
830 1772 1141 1815 amator-iorum
1186 1775 1370 1824 exstant„
1417 1783 1527 1824 quae
1573 1772 1781 1825 inscripta

251 1849 423 1903 ἐλεγείων
456 1848 482 1902 β
520 1848 779 1902 Theognidis
810 1848 1001 1901 reliquiis
1033 1848 1181 1891 addita
1217 1852 1300 1901 est,
1336 1860 1421 1891 non
1458 1847 1584 1890 modo
1615 1847 1776 1890 nullam

248 1924 522 1967 iterationem
548 1924 710 1966 codicis
741 1923 780 1968 O
811 1923 968 1976 omisit,
999 1923 1075 1967 sed
1105 1935 1193 1966 una
1223 1923 1391 1966 auctior
1420 1927 1498 1966 est.
1565 1923 1777 1976 Apertum

248 2004 316 2044 est
346 1999 606 2054 Theognidis
636 2000 822 2043 editores
852 2000 1002 2053 fugere
1032 2012 1117 2043 non
1154 2000 1348 2052 potuisse
1377 2011 1531 2042 versus
1569 1998 1776 2052 quosdam

246 2076 290 2119 in
321 2075 444 2118 libris
470 2087 601 2118 manu
632 2074 805 2128 scriptis
835 2075 987 2128 repeti,
1018 2078 1187 2118 tantum
1218 2077 1364 2117 autem
1396 2075 1559 2126 aberat,
1591 2077 1641 2116 ut
1670 2073 1778 2116 istos

247 2163 401 2194 versus
432 2150 522 2194 suis
553 2150 660 2194 locis
690 2150 805 2204 typis
841 2149 1143 2203 exprimendos
1189 2154 1408 2202 curarent,
1453 2154 1503 2192 ut
1547 2153 1624 2192 aut
1668 2149 1779 2192 alios

247 2228 403 2270 iterum
434 2230 642 2279 ponerent
671 2226 780 2269 alios
812 2226 1059 2268 omitterent
1088 2229 1165 2268 aut
1194 2225 1427 2268 maximam
1457 2228 1625 2278 partem
1656 2224 1776 2267 disti·
1860 2247 1862 2249 ·

248 2303 445 2354 chorum,
491 2313 602 2355 quae
645 2301 710 2344 bis
747 2301 790 2344 in
826 2301 1045 2344 codicibus
1088 2301 1308 2354 leguntur,
1354 2306 1506 2343 neutro
1544 2300 1638 2342 loco
1669 2300 1778 2343 tole-

246 2382 403 2422 rarent.

363 2455 462 2497 Hac
498 2453 755 2507 pertinacia,
802 2465 855 2495 ne
900 2452 1039 2495 dicam
1087 2450 1331 2505 pervicacia
1375 2450 1601 2502 editorum,
1648 2463 1775 2503 quam

247 2543 325 2573 suo
362 2531 457 2572 iure
494 2534 538 2572 et
573 2529 735 2572 Hiller¹
773 2534 816 2571 et
847 2526 1138 2572 Studemund2
1172 2526 1509 2579 castigaverunt,
1555 2539 1651 2569 cum
1698 2539 1777 2569 nec

246 2607 491 2657 Bekkerus‚
539 2604 611 2657 qui
643 2604 699 2648 ad
729 2616 881 2647 versus
916 2605 1144 2645 1070—74
1180 2601 1423 2645 adnotavit:
1473 2602 1602 2644 »mihi
1639 2601 1780 2645 satius

246 2682 386 2724 visum
423 2693 506 2724 non
545 2680 689 2724 omnia
734 2680 878 2722 delere
923 2678 1106 2732 duplicis
1150 2677 1410 2720 recensionis
1441 2677 1649 2731 vestigia«
1699 2689 1777 2720 nec

247 2757 506 2799 recentiores
537 2756 660 2798 liberi
691 2756 790 2807 sint,
821 2755 1053 2797 maximam
1089 2752 1294 2796 Eduardo
1332 2752 1500 2795 Hillero
1530 2751 1778 2805 nuperrime

246 2832 442 2874 defuncto
473 2831 657 2884 gratiam
690 2831 913 2881 habemus,
945 2828 1057 2881 quod
1089 2827 1131 2870 in
1154 2827 1419 2880 Anthologia
1445 2827 1614 2881 Lyrica‚
1646 2838 1778 2878 quam

340 2935 352 2959 ¹
381 2935 618 2970 Fleckeiseni
645 2935 772 2970 annal.
798 2934 934 2978 philol.
959 2934 1048 2968 1881
1076 2943 1112 2975 p.
1137 2933 1216 2966 450.

339 2993 356 3017 ²
384 2994 461 3027 ind.
487 2994 572 3026 lect.
598 2992 747 3026 hibern.
776 2993 927 3035 1889s90
952 2991 1209 3025 Vratislaviae
1235 2990 1398 3031 habend,
1424 3000 1461 3032 p.
1486 2990 1542 3023 34.
