2098 3406
901 319 1195 358 —33—

261 453 311 494 ut
346 462 401 493 ex
439 449 501 493 eis
541 451 774 504 appareat,
813 446 1028 502 quomodo
1068 444 1322 500 appendicis
1360 447 1513 488 auctor
1557 446 1601 487 et
1644 454 1828 498 magnas

261 540 469 571 versuum
500 530 648 581 partes
672 529 716 570 et
735 525 954 569 vocabula
982 523 1173 578 insignia
1193 523 1250 566 ad
1272 535 1376 567 suos
1397 534 1552 566 versus
1575 520 1829 575 pangendos

260 605 305 648 in
343 617 471 648 suum
508 617 637 648 usum
676 602 952 648 converterit.
1015 602 1115 645 Hoc
1153 602 1249 645 loco
1288 614 1328 644 v.
1367 603 1479 644 1243
1518 612 1547 644 a
1577 612 1618 643 v.
1653 601 1737 641 597
1777 610 1827 641 eo

260 685 431 726 tantum
471 681 710 736 discrepat,
750 680 866 735 quod
908 692 987 734 pro
1026 680 1157 737 ἀτάρτ’
1198 679 1382 733 vulgare
1426 677 1535 721 illud
1574 677 1686 718 ἔπειτ’
1727 676 1828 719 sub-

261 759 462 802 stitutum
496 762 574 802 est.
628 759 681 801 V.
712 761 946 802 597—598
978 756 1142 800 ironice
1174 768 1270 800 esse
1302 754 1619 810 intellegendos
1650 765 1692 797 v.
1719 756 1828 796 595:

259 836 445 893 ἄνθρωπ’,
477 836 699 892 ἀλλήλοισιν
739 835 950 893 ἀπόπροθεν
988 834 1091 889 ὦμεν
1130 832 1265 891 ἑταῖροι
1313 835 1572 888 argumento
1617 834 1702 885 θείη
1750 830 1829 874 sed

261 917 310 957 ut
339 913 430 958 vim
463 913 674 957 eroticam
707 913 769 957 eis
802 912 1044 957 attribuere
1075 914 1237 966 posset,
1270 914 1544 965 pentameter
1574 909 1653 963 illi,
1687 921 1714 953 a
1745 921 1830 963 quo

262 991 484 1046 appendix
515 990 776 1034 concinnata
808 993 888 1044 est,
921 989 1158 1033 mutandus
1191 992 1300 1033 erat.

379 1086 502 1130 Idem
541 1086 706 1130 factum
747 1098 844 1129 esse
882 1085 1083 1129 videmus
1121 1084 1165 1127 in
1202 1097 1243 1127 v.
1281 1086 1606 1137 1353—1354,
1645 1095 1831 1137 quorum

263 1164 382 1219 prior
411 1164 527 1208 idem
560 1167 629 1208 est
660 1176 713 1207 ac
743 1177 786 1207 v.
820 1166 906 1206 302
939 1165 1111 1206 mutata
1149 1162 1290 1205 forma
1321 1161 1445 1205 verbi
1484 1160 1748 1205 substantivi
1786 1161 1830 1204 in

262 1240 582 1296 imperativum.
645 1240 782 1284 Cuius
815 1240 988 1284 distichi
1019 1240 1275 1283 hexameter

547 1353 688 1412 Πικρὸς
718 1354 780 1395 καὶ
810 1353 950 1410 γλυκὺς
978 1354 1054 1395 ἴσθι
1085 1353 1148 1394 καὶ
1179 1353 1371 1411 ἁρπαλέος
1400 1353 1463 1395 καὶ
1495 1353 1646 1409 ἀπηνὴς

549 1433 696 1490 λάτρισι
727 1432 789 1473 καὶ
820 1431 962 1487 δμωσὶν
993 1433 1126 1487 γείτοσι
1157 1432 1191 1473 τ’
1226 1422 1454 1489 ἀγχιθὺροις,

266 1560 350 1601 quo
383 1549 668 1602 praeceptum
701 1546 844 1600 datur,
877 1546 1027 1600 qualia
1054 1545 1171 1599 apud
1198 1545 1443 1589 Hesiodum
1471 1557 1558 1588 non
1580 1547 1682 1588 sunt
1713 1555 1829 1598 rara,

265 1628 503 1678 usurpatus
536 1628 615 1678 est,
645 1627 695 1668 ut
726 1623 897 1667 initium
913 1623 1056 1674 ,fieret
1076 1622 1295 1676 carminis,
1329 1634 1413 1676 quo
1437 1633 1569 1675 quam
1597 1622 1830 1664 molestum

266 1715 485 1756 quamque
517 1702 643 1745 dulce
675 1701 733 1746 sit
762 1693 923 1757 pueros
956 1713 1108 1745 amare
1130 1700 1401 1755 exprimitur.
1454 1699 1676 1743 Perversa
1697 1698 1832 1753 igitur

266 1783 397 1834 atque
449 1793 593 1836 prava
643 1779 813 1824 ratione
853 1792 1010 1823 versus
1048 1778 1317 1833 Theognidei
1355 1777 1535 1831 paulum
1574 1776 1731 1821 mutati
1770 1776 1832 1820 ita

265 1857 424 1902 detorti
455 1861 570 1912 sunt,
602 1861 651 1902 ut
681 1858 738 1902 ad
770 1871 862 1901 rem
895 1857 1158 1901 amatoriam
1189 1857 1468 1900 referrentur.

384 1953 470 1998 His
502 1953 756 2007 praemissis
787 1953 875 1996 iam
907 1956 1185 1996 transeamus
1218 1951 1274 1995 ad
1305 1953 1514 2005 quattuor
1544 1950 1624 1994 illa
1644 1949 1832 1994 disticha

266 2030 366 2074 libri
414 2030 461 2086 β’,
514 2044 626 2085 quae
678 2031 811 2075 etiam
863 2030 907 2074 in
957 2030 1069 2074 libro
1117 2030 1146 2070 α’
1198 2029 1468 2073 collectionis
1521 2028 1830 2083 Theognideae

267 2111 454 2152 exstant.

384 2192 492 2236 Post
541 2206 582 2236 v.
637 2195 748 2235 1278
798 2192 936 2236 codex
983 2191 1028 2236 A
1075 2191 1160 2234 duo
1209 2191 1397 2234 disticha
1443 2190 1596 2245 iterat,
1644 2203 1831 2245 quorum

267 2269 454 2313 alterum
486 2270 601 2313 idem
634 2273 701 2313 cst
732 2282 785 2313 ac
816 2283 856 2313 v.
884 2272 1190 2322 1101-1102,
1223 2268 1383 2312 calami
1414 2271 1585 2312 tantum
1608 2268 1830 2312 erroribus

266 2346 483 2391 vitiatum.

541 2429 667 2478 Ὅστις
698 2446 751 2472 σοι
785 2431 991 2487 βούλευσεν
1024 2430 1116 2485 ἐμεῦ
1146 2430 1242 2488 πέρι,
1272 2431 1334 2471 καί
1365 2431 1399 2471 σ’
1435 2429 1636 2472 ἐκέλευσεν

551 2509 721 2565 οἴχεσθαι
751 2509 968 2566 προλιπόνθ’
1002 2507 1195 2565 ἡμετέρην
1226 2508 1367 2565 φιλίην.

387 2616 484 2671 Quo
516 2616 612 2659 loco
645 2616 689 2659 hi
720 2628 875 2660 versus
906 2615 951 2658 in
983 2614 1129 2669 priore
1161 2614 1416 2659 collectione
1454 2615 1498 2659 in
1529 2615 1573 2659 A
1611 2619 1655 2659 et
1686 2615 1724 2660 Ο
1757 2629 1830 2660 ex-

268 2693 489 2747 hibentur,
536 2696 653 2737 recte
701 2706 775 2737 eos
823 2706 850 2737 a
899 2692 1117 2747 prioribus
1155 2693 1382 2746 separavit
1418 2693 1596 2736 Bekker
1632 2696 1678 2737 et
1714 2697 1830 2738 recte

269 2770 551 2814 Camerarius
597 2783 696 2814 oum
749 2766 964 2815 scriberet
1010 2769 1147 2817 ἀτελὲς
1191 2770 1232 2811 τὸ
1280 2769 1458 2826 ἐλεγεῖον·
1515 2771 1738 2827 μέμψασθαι
1789 2771 1831 2813 δὲ

268 2847 367 2888 δοκεῖ
410 2862 491 2889 τινα
538 2847 649 2888 αἴτιον
695 2850 869 2903 γεγονότα
915 2853 985 2904 τῆς
1030 2848 1242 2894 διαλύσεως
1285 2852 1356 2904 τῆς
1401 2852 1465 2889 τοῦ
1502 2848 1605 2889 δεῖνα
1640 2849 1731 2907 πρὸς
1768 2849 1830 2890 τὸν

268 2925 426 2981 ποιητὴν
457 2925 606 2982 φιλίας·
639 2925 704 2966 οὐκ
737 2924 778 2966 εὖ
811 2925 1082 2981 συνεβούλευεν
1116 2925 1141 2980 ἢ
1170 2925 1304 2971 ὄλοιτο,
1336 2926 1462 2982 φησίν,
1493 2926 1513 2966 ὁ
1541 2925 1831 2982 συμβουλεύσας

270 3017 323 3043 σοι
371 3003 597 3044 ἀπολιπόντα
644 3001 712 3057 ἐμὲ
766 3009 895 3060 φοιτᾶν
949 3018 991 3044 σε
1044 3003 1134 3060 πρὸς
1185 3003 1305 3044 ἄλλον
1358 3006 1514 3057 poetae
1567 3004 1828 3048 sententiam

270 3080 538 3134 expressisse
580 3080 765 3123 videtur.
841 3080 937 3135 Quo
980 3080 1159 3123 consilio
1204 3080 1246 3123 hi
1296 3094 1452 3124 versus
1498 3085 1598 3135 post
1638 3096 1679 3125 v.
1717 3085 1828 3125 1275

1523 3152 1545 3188 3
