2098 3406
387 435 443 479 11.
493 436 648 481 Tabula
682 446 870 480 versuum
907 434 1014 479 intra
1049 434 1189 479 iibrum
1227 435 1255 489 β’
1291 435 1549 493 repetiturum
1584 435 1621 480 in
1658 436 1702 480 Α.

1290 719 1406 747 mulum
1418 727 1477 748 nu·
1499 698 1592 759 {2²⁰5}
1615 721 1706 748 eidem
1725 722 1793 748 sunt

301 974 456 1007 949-950
491 971 493 1005 ἵ
640 972 778 1006 calami
808 936 1003 1006 erroribus
1035 936 1191 1015 exigulis
1215 971 1342 1005 vitiati
1609 970 1698 1005 1278
1716 970 1783 997 e-‘l

284 1032 479 1064 1101-1102
875 1040 954 1064 non
978 1030 1117 1065 variati
1251 1061 1253 1064 .
1609 1030 1698 1063 1278
1716 1029 1784 1055 ⁸-b

283 1090 480 1123 1107-1108
712 1089 715 1131 ἱ
783 1089 871 1124 1108
934 1089 937 1133 1
1155 1087 1158 1133 Ι
1271 1087 1275 1133 ἱ
1587 1124 1589 1126 ,
1609 1088 1697 1122 1318
1716 1087 1784 1113 ⁸-b

283 1148 480 1181 1151-1152
580 1159 582 1161 >
673 1147 784 1181 nulla
809 1147 1026 1191 scripturae
1051 1134 1312 1190 discrepantia
1609 1146 1697 1179 1238
1715 1146 1785 1171 ⁸-b

300 1200 456 1240 597·598
617 1200 619 1202 ·
740 1198 925 1207 “⁸
1008 1196 1093 1206 ’”
1327 1209 1330 1212 ’
1394 1201 1398 1204 Α
1500 1197 1580 1238 “598
1608 1196 1807 1238 1243-122174

301 1264 456 1297 301-302
928 1202 937 1320 1
1268 1202 1274 1318 Ι
1512 1264 1580 1297 302
1609 1263 1806 1296 1353-1354

394 1351 476 1395 His
508 1351 676 1398 duabus
712 1352 871 1396 tabulis
917 1352 1148 1405 propositis
1195 1351 1442 1405 disputandi
1486 1351 1668 1394 materia
1714 1363 1808 1394 cum

278 1426 484 1480 bipartita
514 1427 732 1481 videatur,
780 1428 1076 1481 quaestionem
1122 1428 1184 1470 ita
1220 1427 1527 1470 instituendam
1565 1439 1659 1470 esse
1691 1430 1808 1480 puto,

278 1506 325 1545 ut
357 1503 540 1556 primum
573 1503 760 1546 disticha
790 1503 904 1546 intra
941 1503 1099 1545 librum
1131 1502 1160 1542 α’
1196 1502 1373 1555 iterata,
1421 1502 1572 1545 deinde
1618 1514 1670 1544 ea
1701 1513 1810 1554 quae

277 1578 392 1621 intra
423 1579 578 1622 librum
614 1578 641 1632 β’
679 1583 943 1632 repetuntur,
975 1579 1019 1621 in
1050 1578 1405 1632 disceptationem
1436 1590 1606 1630 vocem,
1644 1589 1813 1630 semper

280 1654 367 1697 fere
414 1667 464 1697 eo
511 1667 615 1698 usus
663 1655 830 1707 ordine,
879 1667 962 1708 quo
1008 1667 1161 1698 versus
1207 1654 1251 1697 in
1295 1654 1418 1697 libris
1464 1666 1595 1696 manu
1640 1653 1811 1706 scriptis

279 1731 489 1783 leg-untur.

392 1806 567 1849 Initium
606 1805 738 1860 igitur
774 1805 984 1849 faciamus
1031 1816 1058 1847 a
1099 1805 1266 1848 duobus
1312 1804 1506 1848 distichis
1552 1818 1591 1847 v.
1625 1807 1809 1855 39-42‚

277 1894 387 1934 quae
418 1881 460 1924 in
492 1882 711 1924 codicibus
742 1881 786 1923 A
809 1884 851 1923 et
872 1880 910 1924 O
941 1880 1053 1923 infra
1083 1885 1181 1934 post
1212 1893 1382 1924 versum
1419 1883 1531 1922 1080
1560 1882 1811 1933 repetuntur

277 1957 433 2010 partim
456 1961 624 2000 tantum
646 1957 888 2009 immutata,
920 1960 968 2000 ut
990 1957 1042 1999 de
1064 1957 1260 2000 lectionis
1291 1955 1582 2010 discrepantia
1611 1954 1808 1998 difficilli-

279 2045 393 2075 mum
426 2033 482 2076 sit
512 2033 730 2076 iudicium.
792 2033 941 2075 Priore
973 2034 1066 2075 loco
1098 2033 1142 2075 hi
1173 2045 1325 2075 versus
1357 2032 1419 2075 sic
1449 2031 1720 2075 exhibentur:

475 2118 530 2157 39
563 2113 696 2170 Κύρνε.
727 2114 803 2155 κύει
834 2114 939 2159 mh:
969 2114 1050 2169 ἥδε,
1080 2114 1224 2154 δέδοικα
1259 2113 1300 2154 δὲ
1331 2113 1383 2168 μὴ
1414 2113 1505 2166 τέκῃ
1537 2112 1652 2168 ἄνδρα

616 2183 826 2239 εὐθυντῆρα
855 2188 976 2238 κακῆς
1007 2182 1129 2240 ὖβριος
1158 2183 1357 2239 ἡμετέρης.

475 2258 529 2296 41
564 2253 666 2294 ἀστοὶ
695 2252 763 2307 μὲν
793 2254 861 2309 γάρ
894 2251 946 2294 ἔθ’
980 2253 1051 2294 οἵδε
1083 2256 1297 2309 σαόφρονες,
1326 2253 1506 2307 ἡγεμόνες
1535 2250 1576 2291 δὲ

615 2327 838 2379 τετράφαται
868 2323 1014 2377 πολλὴν
1047 2323 1087 2368 ἐς
1116 2325 1303 2377 κακότητα
1332 2326 1463 2363 πεσεῖν.

395 2410 478 2464 Qui
516 2422 666 2453 versus
713 2410 814 2462 quid
861 2409 943 2452 sibi
978 2410 1111 2453 velint
1156 2409 1194 2453 si
1239 2420 1494 2463 cognoscere
1531 2407 1808 2458 voluerimus,

279 2485 448 2529 omnino
480 2498 563 2528 non
595 2467 1009 2528 confundendi‘sunt
1040 2498 1135 2528 cum
1168 2484 1265 2528 aliis
1296 2496 1348 2526 ex
1380 2482 1640 2537 Theognidis
1672 2483 1806 2526 farra-

278 2561 375 2615 gine
406 2564 582 2614 propter
613 2559 935 2603 similitudinem
972 2560 1187 2612 quandam
1234 2558 1475 2613 argumenti
1521 2558 1685 2612 petitis,
1733 2558 1807 2602 sed

280 2649 356 2690 per
386 2649 432 2679 se
464 2640 565 2679 sunt
595 2635 823 2679 tractandi.
899 2635 1018 2678 Dicit
1048 2638 1192 2688 poeta:
1240 2634 1400 2685 Timeo,
1434 2633 1589 2688 Cyme,
1623 2647 1674 2676 ne
1705 2634 1807 2676 urbs

279 2716 428 2754 nostra
458 2710 640 2766 gravida
661 2710 873 2754 hominem
897 2711 1038 2753 malae
1059 2713 1232 2753 nostrae
1255 2695 1483 2763 superbiae
1505 2695 1806 2762 castigatorem

280 2792 492 2839 procreet3
524 2787 639 2830 cives
672 2786 783 2829 enim
815 2786 950 2829 nostri
983 2785 1123 2828 adhuc
1150 2785 1316 2828 ratione
1338 2784 1565 2836 ducuntur,
1594 2783 1808 2837 principes

280 2868 422 2905 autem
441 2861 496 2904 ad
513 2861 757 2915 superbiam
782 2861 1185 2915 improbitatemque
1208 2859 1373 2913 delapsi
1396 2864 1507 2903 sunt.
1556 2859 1810 2912 Auguratur

280 2938 410 2991 igitur
431 2941 559 2990 poeta
580 2937 751 2991 tyranni
774 2937 956 2980 alicuius
979 2935 1309 2979 dominationem
1333 2935 1443 2987 inde,
1460 2938 1509 2977 ut
1526 2934 1616 2976 fleri
1632 2934 1808 2983 assolet,

281 3013 507 3063 orituram,
554 3012 665 3064 quod
705 3012 931 3065 optimates
963 3011 1235 3064 superbiores
1267 3022 1312 3053 se
1346 3010 1646 3063 praebuerant,
1679 3020 1807 3059 quam
