2098 3406
892 302 1183 342 -17-

257 434 343 478 teri
374 437 546 478 tantum
578 434 747 486 abesse,
779 435 829 476 ut
858 429 1148 475 usitatissima
1179 429 1258 473 illa
1278 428 1498 483 particula
1519 426 1576 471 ad
1597 439 1753 471 versus
1774 426 1819 470 in

257 511 550 565 suspicionem
570 509 793 554 vocandos
813 507 1108 562 impellamur,
1130 509 1180 550 ut
1200 506 1421 560 plerisque
1442 504 1824 560 Theognideorum

260 589 367 632 locis
399 589 610 643 cogamur
641 599 738 631 eam
769 585 896 630 tueri.
959 584 1240 639 Quamquam
1278 582 1431 638 negari
1467 594 1555 625 non
1585 584 1730 635 potest
1760 581 1824 623 in-

258 665 397 709 veniri
430 666 563 718 locos,
597 664 754 718 quibus
785 662 1005 718 particula
1036 675 1091 702 w.
1121 660 1167 703 in
1199 661 1344 704 locum
1371 660 1554 704 alterius
1582 658 1823 703 substituta

257 742 329 786 sit.
393 742 470 786 cfr.
502 755 545 784 v.
582 744 664 784 153
698 743 743 784 et
775 743 860 783 154
987 734 990 735 ⁷

531 843 642 883 τίκτει
673 857 725 883 τοι
756 843 866 898 κόρος
896 839 1013 897 ὕβριν,
1045 840 1132 880 ὅταν
1163 840 1271 895 κακῷ
1302 837 1419 893 ὄλβος
1450 838 1572 894 ἕπητα

532 919 724 976 ἀνθρώπῳ
754 918 817 960 καὶ
847 918 922 974 ὅτῳ
954 917 1008 973 μὴ
1039 918 1123 963 νόος
1155 917 1279 973 ἄρτιος
1308 913 1349 970 ᾖ.

379 1044 517 1089 Cuius
548 1043 723 1088 distichi
753 1056 839 1087 non
870 1043 1176 1086 hexametrum
1209 1041 1366 1094 solum,
1399 1040 1476 1084 sed
1504 1040 1637 1084 etiam
1669 1042 1824 1094 penta-

259 1125 449 1165 metrum
481 1134 504 1165 e
532 1120 719 1174 Solonis,
752 1119 822 1164 cui
853 1119 943 1163 iam
964 1118 1242 1174 Hartungius
1273 1117 1592 1171 vindicaverat,
1626 1116 1824 1160 distichis

259 1212 358 1243 esse
391 1199 610 1242 detortum
642 1197 873 1242 didicimus
905 1210 960 1240 ex
979 1196 1235 1240 Aristotelis
1257 1193 1470 1251 Ἀθηναίων
1497 1195 1665 1249 πολιτείᾳ
1686 1207 1827 1248 nuper

257 1276 452 1329 inventa,
485 1275 610 1319 cuius
640 1274 686 1318 in
718 1274 861 1328 capite
893 1274 1149 1318 duodecimo
1182 1272 1390 1328 legimus:

534 1376 656 1432 δῆμος
685 1375 791 1416 δ’ὠδ’
826 1377 870 1416 ἂν
903 1377 1036 1433 ἄριστα
1066 1374 1133 1416 σὺν
1164 1375 1409 1431 ἡγεμόνεσσιν
1444 1374 1566 1415 ἕποιτο

536 1456 633 1509 μήτε
663 1453 748 1494 λίαν
781 1452 930 1499 ἀνεθεὶς
961 1455 1059 1509 μήτε
1091 1451 1318 1507 βιαζόμενος

533 1531 645 1571 τίκτει
674 1530 745 1587 γὰρ
775 1532 885 1587 κόρος
916 1528 1033 1587 ὓβριν,
1065 1530 1154 1570 ὅταν
1182 1528 1303 1576 πολὺς
1333 1529 1449 1585 ὄλβος
1480 1529 1616 1585 ἕπηται

536 1607 784 1664 ἀνθρώποισιν
814 1607 913 1653 ὅσοις
944 1607 998 1662 μὴ
1029 1609 1112 1653 νόος
1144 1608 1268 1664 ἄρτιος
1297 1605 1337 1662 ᾐ.

382 1727 679 1770 Transeamus
716 1739 842 1780 nunc,
881 1726 919 1769 si
956 1727 1120 1780 placet,
1164 1727 1221 1770 ad
1258 1739 1414 1770 versus
1462 1730 1728 1780 213—218,
1776 1726 1829 1770 de

259 1802 422 1856 quibus
444 1802 594 1848 Christ
615 1801 795 1859 (Gesch.
815 1803 855 1846 d.
874 1803 1036 1859 griech.
1053 1803 1302 1847 Litteratur
1319 1803 1385 1847 ed.
1408 1804 1467 1857 II,
1490 1817 1531 1858 p.
1554 1804 1655 1859 115)
1677 1803 1832 1847 rectis-

263 1880 372 1924 sime
402 1880 600 1924 indicans
621 1881 712 1924 ullo
735 1881 934 1934 exemplo
957 1881 1244 1924 luculentiore
1265 1880 1466 1935 patefieri
1486 1885 1620 1936 negat
1641 1881 1828 1925 duarum

263 1957 382 2012 apud
419 1957 714 2012 Theognidem
752 1958 1018 2001 exstantium
1055 1957 1371 2002 sententiarum
1406 1970 1540 2001 unam
1587 1970 1741 2001 veram
1787 1962 1829 2002 et

259 2035 560 2090 archetypam,
584 2036 770 2078 alteram
792 2035 1039 2079 breviorem
1061 2038 1193 2088 atque
1216 2035 1273 2079 ad
1295 2047 1539 2079 sermonem
1562 2035 1829 2079 cotidianum

262 2113 595 2156 accomodatam
634 2125 744 2156 esse.
806 2112 915 2155 Post
951 2125 993 2155 v.
1027 2115 1140 2154 1070
1162 2113 1264 2167 a-b,
1304 2125 1412 2166 quos
1450 2125 1473 2155 e
1511 2126 1551 2156 v.
1588 2115 1829 2157 877—878

263 2192 382 2233 ortos
415 2202 511 2233 esse
542 2189 658 2233 infra
688 2189 948 2242 videbimus,
981 2189 1091 2232 haec
1122 2189 1209 2232 duo
1242 2188 1432 2233 disticha
1463 2193 1723 2243 sequuntur:

386 2294 496 2334 1071
535 2290 672 2348 Κύρνε,
706 2291 838 2347 φίλους
867 2291 959 2348 πρὸς
989 2294 1133 2336 πάντας
1166 2290 1364 2348 ἐπίστρεφε
1395 2291 1556 2332 ποῑκίλον
1587 2291 1686 2347 ἦθος

536 2370 753 2424 συμμίσγων
785 2368 898 2426 ὀργὴν
929 2369 1002 2414 οἶος
1034 2368 1191 2413 ἕκαστος
1223 2368 1305 2425 ἔφυ.

535 2445 599 2485 νῦν
631 2444 699 2500 μὲν
731 2445 822 2502 τῷδ’
858 2445 1010 2502 ἐφέπευ,
1041 2443 1124 2485 τοτὲ
1155 2444 1348 2492 δ’ἀλλοῖος
1378 2446 1495 2487 πέλευ
1526 2447 1656 2503 ὀργήν·

535 2524 704 2579 κρεῖσσόν
735 2537 788 2563 τοι
821 2523 932 2580 σοφίη
963 2521 1026 2563 καί
1057 2522 1230 2578 μεγάλης
1262 2524 1413 2579 ἀρετῆς.

384 2638 457 2684 Sic
493 2639 538 2682 hi
575 2653 729 2684 versus
768 2644 812 2684 et
847 2641 893 2684 in
929 2641 974 2684 A
1012 2644 1055 2684 et
1091 2641 1135 2684 in
1173 2641 1211 2686 Ο
1249 2641 1401 2685 traditi
1439 2645 1540 2685 sunt
1571 2642 1827 2686 leviusculis

263 2715 525 2770 quibusdam
558 2717 717 2761 calami
749 2718 972 2762 erroribus
1004 2718 1228 2773 neglectis.
1293 2718 1379 2773 Qui
1416 2732 1570 2763 versus
1609 2719 1713 2774 quid
1745 2720 1829 2764 sibi

263 2793 401 2836 velint
430 2794 708 2838 manifestum
742 2798 821 2839 est.
886 2795 973 2840 Sed
1005 2795 1106 2838 vide
1138 2795 1258 2849 mihi,
1291 2808 1423 2849 quam
1454 2810 1540 2840 non
1571 2796 1616 2840 in
1647 2797 1829 2842 alterius

262 2869 439 2913 distichi
490 2870 744 2915 hexametro
797 2872 1015 2915 sententia
1066 2872 1224 2926 prioris
1282 2872 1559 2917 continuetur
1610 2886 1829 2929 quamque

263 2947 526 3002 vulgariter,
574 2961 626 2991 ne
673 2947 817 2991 dicam
863 2949 1009 3003 inepte
1055 2953 1326 3003 pentameter
1377 2950 1519 2994 cadat.
1604 2952 1830 3007 Quantum

263 3023 421 3067 mutati
452 3025 508 3068 ab
540 3025 638 3069 istis
670 3025 935 3080 Theognidis
968 3039 1122 3070 versus
1156 3030 1390 3070 213-218

1522 3099 1545 3135 2
