2098 3406
948 329 1237 368 ,28-

539 454 579 500 ἐς
611 454 769 508 βάσανον
800 451 964 494 δ’ἐλθὼν
992 452 1306 509 παρατριβομενός
1335 466 1376 493 τε
1407 451 1584 508 μολύβδῳ

538 530 674 585 χρυσὸς
705 529 872 584 ᾶπεφθος
903 526 976 569 ε’ὼν
1005 528 1122 574 καλὸς
1151 530 1284 568 ἅπασιν
1315 527 1384 581 ἔσῃ

328 628 411 658 non
448 629 677 669 possumus
715 615 752 658 ei
797 615 1044 669 astipulari,
1087 616 1167 658 etsi
1212 614 1409 658 videmus
1454 615 1670 658 Hillerum
1717 615 1855 659 virum

327 691 621 734 doctissimum
657 691 699 733 in
737 691 985 746 anthologia
1019 691 1155 745 lyrica
1190 694 1418 743 utrumque
1449 690 1660 734 distichon
1689 691 1855 735 dissua-

327 766 452 809 dente
482 766 671 820 Bergkio
703 767 987 810 coniunxisse.
1058 766 1118 809 Hi
1149 778 1302 809 versus
1336 769 1620 810 1105—1106
1652 767 1732 810 hoc
1762 767 1856 810 loco

326 842 452 895 plane
483 854 566 884 non
598 844 699 884 sunt
728 842 963 896 archetypi,
996 841 1073 884 sed
1102 841 1226 884 foede
1257 841 1542 885 consarcinati
1573 854 1597 885 e
1626 855 1667 886 v.
1698 845 1781 885 417

484 928 524 974 ἐς
556 928 717 982 βάσανον
746 927 911 970 δ’ἐλθών
941 927 1211 985 παρατρίβομαι
1243 928 1341 969 ὥστε
1371 928 1548 984 μολύβδῳ
1577 930 1715 986 χρυσός

325 1009 366 1046 et
395 1017 436 1047 v.
458 1007 563 1047 450:

479 1079 649 1136 εὑρήσεις
677 1079 719 1120 δέ
751 1094 798 1133 με
827 1085 936 1120 πᾶσιν
968 1079 1025 1120 ἐπ’
1059 1079 1232 1135 ἔργμασιν
1263 1079 1387 1135 ὥσπερ
1418 1079 1585 1135 ἄπεφθον

475 1157 626 1211 χρυσόν,
658 1155 814 1211 ἐρυθρὸν
843 1155 931 1196 ἰδεῖν
960 1154 1173 1210 τριβόμενον
1206 1154 1369 1210 βασάνῳ.

440 1247 610 1291 Talium
632 1260 849 1301 versuum,
877 1248 951 1301 qui
972 1247 1326 1302 conglutinatoris
1348 1234 1501 1291 manus
1522 1247 1730 1300 redolent,
1762 1260 1858 1291 cum

322 1334 400 1365 nos
420 1322 607 1376 taedeat,
630 1324 809 1366 moleste
831 1335 904 1367 eos
929 1323 1134 1377 repetitos
1152 1323 1450 1366 existimamus
1470 1335 1608 1376 neque
1629 1336 1860 1377 possumus

322 1399 403 1441 hoc
439 1398 532 1441 loco
570 1411 654 1441 non
692 1402 808 1442 stare
846 1411 874 1441 a
894 1399 1112 1442 Welckeri
1145 1398 1344 1452 partibus
1375 1398 1563 1441 breviter
1594 1398 1649 1442 ad
1679 1411 1720 1441 v.
1747 1402 1855 1441 1127

322 1473 472 1528 (1105)
496 1473 762 1517 adnotantis:
795 1487 976 1528 puerum
1006 1474 1221 1529 intellege.
1272 1474 1368 1528 Quo
1389 1473 1529 1528 mag1s
1549 1474 1859 1528 grandiloquus

322 1550 443 1592 locus
489 1552 603 1602 erat,
650 1562 700 1592 eo
747 1549 917 1592 facilius
962 1549 1006 1591 in
1043 1549 1298 1593 deteriorem
1335 1553 1379 1592 et
1413 1549 1648 1593 iocularem
1684 1562 1856 1593 sensum

323 1624 671 1677 detorquebatur.
731 1625 802 1668 Ita
833 1625 962 1668 etiam
993 1625 1138 1669 verbis
1169 1638 1192 1668 e
1223 1625 1421 1669 versibus
1451 1628 1682 1668 417—-418
1713 1625 1860 1679 petitis

323 1701 485 1744 abusus
522 1701 735 1744 ioculator
771 1701 1025 1745 versificans
1061 1703 1203 1745 locum
1241 1701 1578 1755 pulcherrimum
1613 1714 1692 1755 per
1732 1713 1859 1755 paro-

323 1775 438 1819 diam
469 1776 714 1830 corrupisse
743 1777 926 1820 videtur.

437 1851 581 1894 Aliter
611 1864 659 1895 sc
689 1852 822 1895 habet
852 1853 1102 1906 discrepans
1132 1853 1261 1896 lectio
1293 1853 1336 1896 in
1366 1866 1406 1896 v.
1440 1856 1670 1896 619-620

562 1939 730 1980 Πολλ’ἑν
761 1941 989 1996 ἀμηχανίῃσι
1018 1940 1231 1994 κυλίνδομαι
1262 1941 1468 1997 ἀχνύμενος
1496 1945 1568 1997 κῆρ

560 2017 679 2071 οἶκρην
708 2017 777 2071 γάρ
807 2017 933 2071 πενίην
964 2016 1034 2072 οὐχ
1065 2015 1376 2072 ὑπερέδράμομεν,

323 2101 394 2155 qui
425 2102 538 2145 infra
572 2107 672 2156 post
700 2115 742 2146 v.
778 2107 890 2146 1114
926 2103 970 2146 in
1006 2103 1129 2146 libris
1166 2115 1298 2146 manu
1334 2103 1507 2158 scriptis
1543 2103 1607 2146 ita
1641 2102 1856 2146 immutati

324 2182 442 2220 sunt:

561 2246 700 2288 Πολλὰ
730 2248 997 2304 δ’ἀμηχανίῃσι
1027 2248 1241 2302 κυλίνδομαι
1272 2248 1478 2305 ἀχνύμενος
1506 2252 1579 2304 κῆρ

561 2323 683 2380 ἀρχὴν
713 2325 782 2380 γὰρ
813 2325 940 2379 πενίης
970 2324 1039 2380 οὐχ
1070 2323 1380 2382 ὑπερεδράμομεν.

439 2415 563 2470 Quae
599 2416 743 2469 priore
779 2417 874 2459 loco
911 2418 1112 2471 leguntur
1147 2428 1257 2460 sana
1291 2419 1394 2460 sunt
1436 2428 1574 2469 neque
1620 2419 1670 2458 ut
1713 2415 1859 2459 verbis

323 2491 538 2545 corruptis
575 2491 831 2535 medicinam
868 2495 1113 2545 quaereret,
1151 2491 1228 2535 scd
1264 2495 1313 2534 ut
1354 2490 1660 2534 sententiarum
1701 2504 1857 2534 nexum

326 2567 540 2621 quendam
573 2567 775 2620 efficeret,
805 2567 950 2611 nescio
978 2568 1073 2621 quis
1100 2567 1359 2622 particulam
1386 2565 1427 2607 δὲ
1457 2567 1696 2610 hexametri
1723 2566 1858 2610 imitio

323 2643 561 2686 obtrusisse
581 2643 772 2696 videtur;
802 2655 902 2687 nam
934 2643 1169 2684 κυλίνδεσθαι
1191 2642 1230 2684 ἔν
1250 2657 1315 2683 τινι
1345 2649 1460 2685 reete
1481 2642 1639 2686 dicitur
1658 2642 1710 2686 cf.
1732 2642 1855 2685 Pind.

322 2719 448 2773 Pyth.
470 2719 529 2772 11,
550 2722 606 2762 23
899 2777 910 2786 ⁵

893 2792 932 2818 εν
962 2779 1147 2833 πτερόεντι
1175 2777 1300 2832 τροχῷ

322 2875 442 2909 παντᾶ
470 2868 728 2923 κυλινδόμενον
764 2882 822 2914 sc.
849 2862 1008 2917 Ἰξίονα.1
1065 2869 1117 2912 In
1152 2873 1422 2922 pentametro
1459 2872 1604 2912 autem
1647 2871 1724 2911 aut
1758 2879 1853 2910 cum

319 2944 515 2987 Jordano
541 2956 584 2998 p.
610 2947 660 2987 11
691 2944 736 2987 in
765 2944 949 2988 lectione
979 2944 1123 2999 priore
1151 2944 1246 2988 loco
1277 2947 1322 2987 et
1349 2943 1394 2987 in
1423 2943 1467 2987 A
1497 2947 1542 2987 et
1569 2943 1614 2986 in
1634 2943 1672 2988 O
1693 2942 1855 2986 tradita

322 3019 596 3072 acquiescere
626 3031 856 3072 possumus
888 3023 965 3063 aut
993 3032 1090 3063 cum
1115 3019 1437 3064 Schneidewino
1458 3021 1582 3073 patre
1601 3022 1646 3061 et
1664 3016 1853 3071 Bergkio
