2098 3406
902 317 1182 355 -10-

282 441 483 483 concinne
514 441 739 484 coniuncta
770 445 881 483 sunt.
929 440 1218 494 Quamobrem
1246 452 1329 483 non
1360 452 1586 493 possumus
1618 442 1807 496 cogitare

283 516 421 558 locum
455 517 640 569 priorem
672 528 725 558 ex
753 515 988 568 posteriore
1018 516 1061 558 in
1083 519 1311 569 angustum
1335 515 1577 564 deductum,
1609 516 1684 560 sed
1711 530 1805 559 cum

279 591 474 634 Jordano
506 592 562 646 (p.
591 593 658 643 12)
696 590 876 643 aliisque
913 591 1095 634 disticho
1132 590 1315 634 insiticio
1354 596 1528 635 auctum
1558 604 1652 635 esse
1684 597 1807 646 puta-

283 666 435 710 bimus.
480 667 583 710 Jam
606 666 829 710 videamus
853 667 970 720 prius
992 667 1204 710 distichon
1226 679 1266 709 v.
1286 669 1469 709 57—58.
1516 667 1626 711 Cum
1647 680 1807 711 novum

281 743 546 786 enuntiatum
584 754 612 785 a
647 743 790 785 verbis
826 743 887 783 καὶ
916 746 978 782 νῦν
1011 743 1076 783 εἴθ
1110 743 1240 796 ἀγαθοί
1270 755 1406 796 neque
1443 742 1626 797 incipere
1663 748 1810 798 posset

282 822 325 860 et
369 830 538 860 summa
578 831 744 871 eorum,
782 830 891 872 quae
928 818 1207 871 praecedunt,
1245 818 1287 861 in
1323 830 1453 862 unum
1479 832 1657 863 versum
1695 824 1810 864 esset

280 894 586 946 contrahenda,
638 898 682 937 et
730 894 956 937 vocativus
1007 892 1245 948 Πολοπαΐδη,
1295 898 1443 947 utpote
1493 894 1565 948 qui
1621 895 1808 949 plurium

279 974 394 1011 esset
425 970 691 1024 syllabarum
724 969 971 1013 abiciendus
1009 969 1073 1012 et¹
1105 969 1422 1013 vicissitudines
1459 970 1559 1013 illae
1597 971 1727 1014 alium
1765 971 1806 1014 in

279 1044 470 1086 ordinem
522 1045 768 1088 referendae
820 1049 953 1088 erant.
1027 1046 1077 1087 In
1123 1045 1261 1088 altero
1313 1045 1495 1089 disticho
1541 1047 1806 1090 Hermanum

280 1119 586 1173 Schneidewin,
609 1121 680 1174 qui
702 1125 991 1174 permutatam
1014 1121 1302 1164 membrorum
1324 1125 1587 1165 structuram
1609 1123 1807 1175 praefert,

278 1195 399 1247 sequi
430 1196 537 1238 adeo
568 1209 652 1239 non
683 1209 858 1250 possum
889 1201 939 1239 ut
968 1197 1103 1240 verba

540 1289 735 1345 ἀλλήλους
765 1290 798 1330 δ’
831 1291 1018 1331 ἀπατῶσιν
1051 1289 1109 1330 ἐπ’
1141 1290 1339 1346 ἀλλήλοισι
1370 1290 1555 1344 γελῶντες

278 1381 402 1425 unice
434 1395 538 1425 vera
568 1387 727 1437 putem.
790 1384 874 1439 Qui
905 1396 1078 1427 sensum
1109 1396 1191 1426 non
1223 1395 1398 1438 prorsus
1430 1384 1631 1427 obtusum
1664 1385 1806 1438 habet,

278 1457 320 1500 id
343 1458 455 1511 quod
487 1471 701 1502 summum
734 1463 814 1513 est,
846 1459 944 1503 illos
975 1459 1086 1502 inter
1115 1472 1161 1502 se
1193 1459 1387 1513 decipere
1419 1460 1549 1503 verbo
1581 1460 1805 1504 dicendum

279 1545 373 1576 esse
406 1518 533 1587 idque
571 1534 781 1579 hilaribus
813 1540 941 1589 atque
973 1534 1099 1578 laetis
1121 1534 1315 1578 vultibus
1347 1534 1438 1577 fieri
1461 1539 1561 1588 apte
1583 1535 1806 1590 participio

279 1609 462 1662 exprimi
493 1622 618 1662 posse
650 1610 890 1664 perspiciet.

397 1684 521 1739 Quod
559 1699 660 1729 vero
699 1685 766 1728 vir
810 1686 961 1729 doctus
999 1689 1149 1742 μνήμην
1185 1686 1228 1729 in
1265 1698 1394 1742 versu
1429 1689 1540 1728 1114
1580 1686 1808 1740 genuinam

279 1761 538 1814 scripturam
555 1762 749 1815 putabat,
767 1775 851 1805 non
863 1761 1040 1814 invenit,
1054 1765 1260 1814 quantum
1274 1761 1413 1813 video,
1430 1761 1502 1814 qui
1516 1761 1807 1804 assentiretur.

279 1837 392 1879 Nam
424 1849 597 1880 versum
631 1841 728 1889 798,
761 1836 882 1880 cuius
914 1837 969 1880 ad
1001 1837 1224 1890 exemplar
1253 1850 1294 1879 v.
1322 1841 1432 1879 1114
1463 1837 1629 1880 effictus
1660 1842 1738 1890 est,

559 1934 633 1971 τῶν
663 1930 706 1971 δὲ
736 1934 861 1971 κακῶν
893 1933 1022 1986 μνήμη
1053 1931 1205 1984 γίγνεται
1236 1930 1386 1983 οὐδεμία

280 2025 363 2066 huc
393 2037 475 2067 non
507 2025 722 2077 quadrare
753 2038 876 2068 nemo
908 2038 991 2068 non
1022 2024 1152 2076 videt,
1185 2024 1256 2077 qui
1289 2024 1585 2067 hexametrum

557 2117 643 2163 τοὺς
672 2117 836 2172 ἀγαθοὺς
865 2118 984 2163 ἄλλος
1013 2118 1119 2171 μάλα
1149 2117 1344 2173 μέμφεται,
1374 2117 1492 2162 ἄλλος
1522 2116 1658 2157 ἐπαινεῖ

280 2210 444 2265 legerit.
491 2212 587 2254 Non
619 2211 730 2254 enim
762 2212 1038 2264 Megarenses
1069 2211 1382 2264 vituperantur,
1414 2209 1525 2263 quod
1553 2222 1634 2253 -ncc
1666 2210 1808 2263 probi·

280 2287 383 2329 tatis
430 2299 565 2340 neque
611 2287 900 2340 improbitatis
946 2298 1157 2330 memores
1203 2285 1307 2337 sint,
1354 2285 1428 2328 sed
1479 2285 1592 2338 quod
1640 2285 1808 2328 omnino

281 2362 477 2405 exuerint
498 2363 563 2405 fas
586 2363 788 2416 nefasque
810 2362 881 2417 (cs.
896 2363 927 2406 J
929 2362 1114 2406 oachimi
1133 2360 1371 2406 Camerarii
1393 2360 1807 2414 interpretationem:

280 2439 344 2478 οὐκ
376 2438 604 2492 ἐπιστάμενοι
635 2438 783 2495 διορίσαι
813 2440 859 2479 τά
884 2440 1001 2484 ὅντως
1022 2438 1146 2492 ἀγαθά
1165 2438 1226 2478 καὶ
1246 2441 1357 2485 κακά,
1377 2448 1506 2489 quam
1529 2436 1809 2489 praeferimus

281 2513 498 2557 Welckeri
529 2514 765 2556 sententiae
797 2528 837 2567 p.
859 2514 965 2556 XLI
996 2513 1274 2567 praefationis
1301 2512 1642 2566 interpretantis:
1675 2524 1810 2564 neque

281 2603 330 2632 eo
360 2590 501 2633 animo
523 2590 608 2633 iam
632 2602 743 2633 nunc
764 2590 922 2641 vivere,
955 2602 1038 2643 quo
1061 2589 1270 2643 plebeium
1303 2588 1467 2637 deceat,
1501 2599 1635 2640 neque
1666 2591 1810 2630 tamen

281 2666 446 2709 nobiles
474 2666 652 2709 induise.
700 2666 849 2718 Neque
871 2665 1009 2719 magis
1032 2676 1259 2719 possumus
1281 2662 1451 2707 Cauero
1474 2662 1715 2716 astipulari,
1738 2661 1810 2715 qui

282 2755 321 2794 p.
346 2746 397 2783 31
433 2747 476 2785 et
506 2745 561 2784 33
600 2741 752 2794 libelli,
785 2754 911 2794 quem
949 2753 1082 2794 supra
1118 2738 1354 2790 nominavi,
1394 2738 1475 2778 οὔτε
1506 2742 1630 2778 κακῶν
1661 2739 1811 2791 γνώμας

283 2817 417 2862 εἰδότες
447 2818 522 2858 οὔτ’
556 2819 707 2871 ἀγαθῶν
745 2817 1069 2870 interpretatur:
1116 2815 1198 2857 Die
1235 2813 1373 2857 nichts
1411 2826 1495 2856 von
1533 2812 1613 2856 den
1654 2812 1810 2856 Recht-

282 2893 495 2946 sprnchen
542 2892 619 2935 der
655 2893 791 2936 Edlen
829 2891 915 2935 und
954 2879 1190 2935 Gemeinen
1227 2891 1446 2943 wussten.)
1507 2889 1630 2943 Quae
1667 2886 1812 2930 omnia

376 3021 388 3045 ¹
416 3021 462 3056 cf.
491 3021 711 3056 Heimsoeth
739 3019 936 3055 Emendat.
963 3018 1176 3063 Theognid.
1203 3018 1272 3058 ΠΙ,
1299 3027 1335 3061 p.
1354 3020 1386 3050 6.
