2098 3406
924 317 1208 357 -13—

510 440 645 498 Κύρνε,
675 441 804 497 φίλους
832 440 929 481 κατὰ
957 444 1097 487 πάντας
1127 440 1320 496 ἐπίστρεφε
1349 441 1507 482 ποικίλον
1536 441 1645 495 ἦθος,

508 517 620 573 ὀργὴν
651 517 863 570 συμμίσγων
893 515 1006 570 ἥντιν’
1040 516 1194 562 ἕκαστος
1224 516 1313 572 ἔχει.

507 591 706 633 Πουλύπου
736 590 849 647 ὀργὴν
876 591 961 647 ἴσχε
990 591 1238 641 πολυπλόκου,
1268 591 1311 637 ὃς
1339 591 1419 633 ποτὶ
1447 591 1578 648 πέτρῃ,

507 668 555 720 τῇ
586 666 855 722 προςομιλήσῃ,
884 671 978 712 τοῖος
1006 665 1092 707 ἰδεῖν
1125 666 1256 722 ἐφάνη.

505 747 567 782 νῦν
599 741 666 795 μὲν
696 741 781 795 τῇδ’
815 741 965 798 ἐφέπευ,
995 741 1078 783 τοτὲ
1107 742 1296 788 δ’ἀλλοῖος
1324 744 1420 799 χρόα
1449 743 1556 797 γίνευ.

503 817 672 873 κρέσσων
702 831 755 858 τοι
786 818 898 874 σοφίη
929 818 1061 872 γίνεται
1092 818 1278 873 ἀτροπίης.

410 905 608 958 Apparet
659 917 712 947 ex
769 904 856 948 his.
893 904 1092 948 versibus
1133 907 1264 958 poeta
1306 904 1569 959 dignissimis
1605 905 1730 959 istos,
1774 906 1828 949 de

294 981 449 1034 quibus
471 992 605 1034 supra
625 980 828 1033 diximus,
851 983 1092 1023 contractos
1114 992 1210 1023 esse
1230 984 1274 1023 et
1294 979 1452 1023 omisso
1468 979 1608 1024 medio
1629 980 1827 1034 disticho,

293 1069 376 1110 quo
407 1056 622 1110 Theognis
659 1056 802 1100 nescio
840 1068 896 1099 an
932 1060 1086 1109 poetas
1121 1056 1386 1109 antiquiores
1416 1057 1623 1110 secutus‚¹
1683 1056 1828 1111 Cyrno

293 1131 439 1186 polypi
468 1132 628 1186 pelagii
657 1135 860 1175 naturam
891 1131 947 1175 ad
976 1132 1233 1175 imitandum
1263 1132 1481 1186 proponit,
1513 1132 1606 1176 fieri
1637 1145 1721 1175 non
1750 1145 1829 1187 po-

291 1207 445 1260 tuisse,
478 1208 580 1260 quin
615 1207 700 1261 τῇδ’
733 1211 776 1251 et
805 1210 901 1264 χρόα
929 1208 1053 1262 γένευ,
1084 1220 1195 1261 quae
1225 1208 1280 1251 ad
1318 1208 1547 1251 bestiolam
1577 1208 1698 1251 illam
1728 1221 1827 1262 per·

290 1283 493 1336 tinercnt,
536 1286 821 1326 mutarentur.
888 1283 1060 1338 Quanto
1107 1286 1251 1326 autem
1297 1283 1450 1327 melius
1491 1284 1651 1327 dictum
1687 1283 1745 1328 sit
1780 1285 1823 1327 in

290 1359 440 1402 ultimo
486 1362 755 1412 pentametro
799 1359 932 1413 γίνεται
978 1360 1155 1415 ἀτροπίης
1199 1371 1329 1412 quam
1373 1359 1435 1400 καὶ
1480 1359 1650 1415 μεγάλης
1686 1361 1827 1416 ἀρετῆς

288 1435 415 1478 facile
446 1439 512 1478 est
541 1435 597 1478 ad
627 1435 972 1488 intellegendum.

403 1511 455 1553 In
484 1511 716 1553 verborum
748 1513 893 1553 autem
925 1509 1206 1553 collocatione
1226 1509 1338 1566 ὀργὴν
1359 1510 1571 1565 συμμίσγων
1592 1522 1825 1563 possumus

289 1586 561 1639 acquiescere
596 1598 735 1639 neque
772 1598 880 1639 opus
924 1588 990 1629 est
1036 1584 1308 1639 traiectione,
1352 1597 1483 1639 quam
1512 1585 1570 1630 ad
1601 1586 1824 1640 exemplar

287 1675 327 1704 V.
357 1666 440 1704 312
478 1663 667 1716 γινώσκων
708 1661 820 1718 ὀργὴν
857 1661 970 1715 ἥντιν’
1010 1661 1165 1706 ἕκαστος
1201 1661 1278 1716 ἔχει
1320 1660 1479 1704 factam
1525 1673 1620 1704 esse
1665 1661 1822 1714 proba·

288 1737 372 1781 bile
403 1741 481 1781 est.

403 1813 528 1868 Quod
558 1813 646 1856 iam
676 1812 719 1856 in
745 1826 786 1856 v.
810 1817 896 1855 214
915 1812 1118 1866 vidimus,
1148 1811 1445 1856 traiectionem
1468 1812 1562 1856 dico
1583 1812 1819 1866 primorum

290 1901 439 1933 versus
469 1889 795 1942 vocabulorum,
825 1888 940 1932 idem
970 1888 1014 1931 in
1044 1901 1086 1931 v.
1120 1891 1350 1931 367—368
1382 1888 1570 1931 occurrit

564 1970 622 2012 Οὐ
652 1970 809 2024 δύναμαι
838 1974 972 2025 γνῶναι
1001 1972 1083 2010 νόον
1114 1971 1237 2011 ἀστῶν
1268 1970 1375 2010 ὅντιν’
1409 1969 1552 2026 ἔχουσιν

563 2040 646 2082 οὔτε
675 2042 746 2097 γάρ
777 2040 818 2081 εὖ
849 2040 967 2096 ἔρδων
999 2040 1145 2080 ἁνδάνω
1177 2039 1260 2080 οὔτε
1289 2043 1430 2088 κακῶς,

285 2134 356 2187 qui
387 2138 484 2187 post
513 2147 555 2177 v.
591 2136 702 2177 1184
733 2133 796 2178 sic
826 2133 1042 2176 immutati
1073 2133 1228 2176 iterum
1260 2132 1411 2186 scripti
1440 2134 1558 2175 sunt:

563 2218 685 2256 ἀστῶν
715 2215 794 2256 δὀὐ
825 2214 982 2269 δύναμαι
1012 2219 1146 2269 γνῶναι
1175 2216 1256 2255 νόον
1286 2214 1392 2254 ὅντιν’
1426 2213 1570 2270 ἔχουσιν

560 2286 643 2326 οὔτε
673 2285 742 2341 γὰρ
773 2285 814 2326 εὖ
845 2284 962 2341 ἔρδων
994 2284 1141 2325 ἁνδάνω
1172 2284 1256 2325 οὔτε
1285 2287 1423 2328 κακῶς.

397 2386 639 2428 Verborum
675 2384 871 2438 positura
906 2383 1061 2438 prioris
1106 2383 1190 2427 loci
1227 2382 1268 2424 οὐ
1298 2383 1454 2437 δύναμαι
1484 2385 1616 2436 γνῶναι
1653 2382 1819 2436 simpli·

281 2461 456 2504 cissima
493 2464 559 2504 est
594 2473 731 2514 neque
776 2460 1005 2514 quicquam
1050 2472 1128 2514 per
1172 2471 1220 2503 se
1264 2459 1396 2502 habet
1439 2457 1714 2511 suspicionis,
1761 2458 1814 2500 cf.

279 2550 320 2579 V.
353 2541 456 2580 695:
508 2537 549 2577 οὐ
586 2536 742 2590 δύναμαί
777 2550 849 2585 τοι,
894 2536 1011 2590 θυμέ,
1055 2539 1257 2591 παρασχεῖν
1294 2536 1435 2590 ἄρμενα
1471 2537 1607 2582 πάντα,
1653 2533 1727 2576 ubi
1772 2536 1818 2575 et·

284 2612 580 2656 Wordsworth
631 2612 862 2667 (Theocrit.
909 2611 1116 2656 Cantabr.
1174 2613 1284 2654 1846
1336 2622 1376 2663 p.
1423 2608 1500 2665 44)
1557 2612 1600 2652 ct
1644 2609 1814 2653 Usener

278 2688 568 2744 (Fleckeiseni
599 2689 742 2731 annal.
776 2688 925 2742 philol.
963 2690 1074 2730 1878
1105 2699 1146 2740 p.
1179 2686 1252 2741 69)
1298 2685 1464 2738 epicam
1500 2684 1698 2728 infinitivi
1727 2683 1816 2727 for·

279 2777 392 2807 mam
424 2765 664 2820 παρασχέμεν
697 2764 822 2807 metri
857 2775 992 2807 causa
1021 2762 1266 2806 restituunt.
1318 2761 1382 2804 At
1402 2761 1538 2804 verba
1558 2760 1695 2804 altero
1717 2760 1813 2803 loco

278 2840 461 2882 traiecta

545 2905 668 2943 ἀστῶν
700 2903 776 2943 δὀὐ
808 2903 964 2957 δύναμαι
995 2905 1128 2957 γνῶναι
1158 2902 1240 2941 νόον
1270 2900 1377 2941 ὅντιν’
1411 2900 1554 2956 ἔχουσιν

374 3026 385 3050 ¹
413 3028 460 3060 cf.
488 3025 647 3068 Bergkii
674 3024 723 3059 ad
747 3035 783 3059 v.
809 3026 878 3058 215
904 3024 1202 3059 adnotationem.
