2098 3406
926 295 1223 334 —21—

295 424 445 468 ordine
492 424 724 480 καταθήσειν
755 423 876 464 παισὶν
922 422 1117 477 praebet.
1195 420 1323 476 Quod
1370 419 1586 464 distichon
1633 417 1738 471 quid
1775 416 1859 461 sibi

293 502 401 545 velit
431 500 636 545 facillime
667 499 952 555 intellegitur:
998 498 1099 541 Non
1136 498 1294 541 melius
1342 499 1410 541 est
1454 495 1556 539 filiis
1603 496 1858 539 thesaurum

294 590 579 632 coacervare,
626 577 703 621 sed
734 576 880 631 potius
911 575 1162 630 petentibus
1194 575 1302 619 viris
1335 574 1478 628 bonis,
1527 573 1692 629 Cyme,
1740 572 1858 616 dato.

293 657 420 700 Haec
450 655 542 699 fere
573 654 820 710 exprimere
851 653 1044 698 voluisse
1075 656 1252 707 poetam
1284 655 1483 707 apparet.
1552 651 1639 696 Sed
1676 663 1731 694 ne
1762 651 1861 704 plu-

293 732 427 776 rimas
459 731 648 775 offensas
680 735 724 775 et
755 732 811 775 ad
833 730 1168 786 grammaticam
1191 733 1235 774 et
1255 730 1312 773 ad
1333 730 1569 773 verborum
1592 731 1858 772 structuram

292 809 560 862 pertinentes
592 812 864 863 repetamus,
911 820 1022 862 quas
1055 808 1107 852 Ο.
1140 807 1338 862 Orueger
1367 820 1408 861 p.
1444 810 1500 850 26
1539 805 1862 850 dissertationis

293 885 586 940 enumeravit,
625 898 756 939 quam
787 885 950 939 inepta,
997 898 1052 928 ne
1084 885 1227 928 dicam
1259 884 1396 928 futilis
1429 884 1486 928 sit
1517 883 1733 946 sententia
1762 884 1863 926 luce

294 962 456 1005 clarius
489 966 556 1006 est
582 975 723 1016 neque
750 963 983 1016 quisquam
1014 962 1111 1015 erit,
1143 962 1247 1015 quin
1274 961 1502 1015 concedat;
1536 961 1588 1005 cf.
1611 961 1859 1005 Usenerum

292 1039 337 1081 in
382 1039 658 1083 Fleckeiseni
711 1039 857 1082 annali
904 1039 1125 1094 philologo
1180 1042 1293 1082 1878
1339 1051 1382 1092 p.
1416 1041 1485 1081 70.
1579 1038 1708 1093 Quod
1753 1050 1859 1081 vero

293 1116 345 1161 O.
375 1116 573 1171 Crueger
603 1116 649 1159 in
680 1116 903 1161 Welckeri
935 1116 1197 1159 sententiam
1228 1101 1414 1170 pedibus
1444 1115 1494 1169 it,
1527 1127 1555 1159 a
1586 1127 1672 1169 quo
1703 1127 1862 1159 versus

291 1193 336 1236 in
367 1193 653 1247 parodiarum
683 1206 915 1237 numerum
946 1193 1111 1247 recepti
1143 1198 1258 1247 sunt,
1297 1193 1445 1236 miror.
1523 1194 1640 1236 Nam
1688 1192 1726 1236 si
1763 1192 1863 1246 quis

293 1283 448 1314 versus
479 1270 588 1314 istos
619 1283 699 1324 per
729 1270 960 1325 parodiam
992 1282 1273 1324 corrumpere
1319 1270 1364 1312 in
1411 1269 1555 1313 animo
1603 1269 1771 1323 habuit,
1820 1269 1859 1313 ci

293 1360 372 1402 per
402 1351 544 1391 totum
576 1348 807 1401 distichon,
839 1360 927 1391 non
957 1361 1036 1402 per
1056 1360 1192 1391 unum
1215 1351 1539 1402 pentametrum
1563 1347 1860 1390 cavillandum

293 1425 616 1479 ludibriumque
663 1426 954 1469 exercendum
1004 1426 1098 1469 fuit.
1186 1425 1294 1469 Nati
1352 1429 1453 1468 sunt
1511 1428 1643 1478 atque
1701 1424 1861 1468 detorti

293 1515 336 1546 v.
362 1505 652 1546 1161-1162
676 1515 712 1545 e.
734 1516 777 1546 v.
800 1506 1050 1546 409—410.
1100 1502 1391 1547 Concedimus
1413 1527 1472 1532 —
1493 1514 1595 1545 nam
1627 1502 1764 1545 nimia
1794 1506 1862 1545 est

294 1580 528 1623 verborum
560 1579 799 1623 similitudo
832 1604 904 1633 —-,
943 1579 1021 1623 sed
1053 1579 1135 1623 hoc
1164 1592 1251 1623 non
1282 1579 1345 1623 ita
1376 1580 1539 1623 factum
1573 1579 1766 1633 videtur,
1812 1582 1863 1622 ut

296 1656 482 1700 hominis
515 1656 700 1700 alicuius
731 1657 998 1711 ingeniolum
1030 1656 1075 1700 in
1113 1657 1175 1700 eis
1222 1657 1381 1701 lusisse
1426 1660 1649 1711 putemus3
1697 1656 1861 1700 rectius

295 1734 494 1777 lectionis
526 1733 849 1788 discrepantiae
880 1734 946 1777 ita
975 1733 1244 1777 videbuntur
1276 1738 1398 1777 ortae
1430 1747 1540 1787 esse,
1572 1738 1622 1777 ut
1647 1734 1785 1776 verba
1815 1733 1859 1776 in

295 1810 444 1854 codice
466 1810 711 1864 antiquiore
732 1810 891 1854 vitiata
922 1822 950 1854 a
979 1810 1126 1854 nescio
1160 1823 1244 1864 quo
1276 1811 1482 1855 restituta
1513 1811 1861 1864 sententiamque

295 1887 515 1932 inficetam
546 1888 671 1931 illam
709 1888 883 1941 quidem
921 1892 964 1931 et
1010 1891 1143 1942 poeta
1188 1888 1412 1943 indignam
1460 1901 1716 1943 expressam
1764 1902 1860 1932 esse

296 1965 552 2009 iudicemus.
615 1965 740 2020 Quae
772 1978 871 2009 cum
901 1965 966 2008 ita
997 1965 1103 2019 sint,
1150 1965 1296 2009 facere
1327 1978 1413 2010 non
1452 1966 1708 2021 poterimus,
1757 1966 1859 2020 quin

297 2043 350 2087 de
382 2035 553 2086 duobus
585 2043 630 2086 in
661 2042 786 2087 libris
819 2043 1098 2087 exstantibus
1136 2043 1353 2087 distichon
1400 2044 1510 2087 illud
1556 2044 1859 2088 tantummodo

296 2120 538 2176 Theognidi
578 2121 871 2175 assignemus,
921 2121 1037 2174 quod
1067 2121 1270 2165 versibus
1317 2125 1554 2164 409—410
1601 2122 1858 2165 continetur.

296 2198 361 2241 At
391 2198 579 2242 fortasse
611 2198 830 2252 quispiam
864 2198 1026 2241 dixerit
1060 2198 1196 2242 totius
1244 2199 1635 2254 argumentationis
1682 2203 1860 2242 nostrae

296 2286 514 2318 summam
545 2274 757 2318 vacillare
789 2278 833 2318 et
865 2274 1114 2318 claudicare
1161 2287 1215 2318 ea
1260 2288 1327 2329 re,
1376 2276 1492 2329 quod
1540 2288 1637 2319 eam
1685 2275 1860 2320 distichi

296 2351 613 2406 recensionem,
655 2364 786 2406 quam
819 2352 1037 2396 Stobaeus
1068 2353 1228 2396 XXXI
1264 2356 1317 2395 16
1363 2353 1409 2396 in
1447 2353 1591 2407 capite
1622 2353 1705 2410 περὶ
1735 2353 1860 2398 αἰδοῦς

296 2429 486 2483 exhibet,
519 2429 692 2473 omnino
715 2442 802 2472 non
821 2429 1109 2483 respeximus.
1163 2429 1291 2485 Quod
1319 2442 1448 2474 secus
1477 2443 1523 2474 se
1546 2431 1710 2474 habere
1731 2430 1859 2474 facile

295 2518 546 2560 cognosces,
594 2506 631 2550 si
679 2507 877 2561 eclogam
908 2506 953 2549 in
984 2506 1099 2549 hunc
1129 2506 1305 2550 modum
1339 2507 1455 2561 apud
1488 2507 1726 2551 Stobaeum
1759 2520 1860 2551 con-

295 2583 517 2627 cinnatam
549 2583 800 2628 accuratius
832 2584 1095 2638 inspexeris:

579 2683 731 2726 Οὐδένα
762 2685 955 2741 θησαυρὸν
986 2685 1223 2741 καταθήσεαῑ
1257 2685 1358 2726 ἔνδον
1392 2686 1533 2739 ἀμείνω

582 2761 718 2811 αἰδοῦς,
749 2763 797 2818 ἣν
829 2762 983 2816 ἀγαθοῖς
1015 2761 1181 2818 ἀνδράσι,
1213 2761 1350 2818 Κύρνε,
1382 2762 1504 2808 δίδως.

295 2868 391 2911 Hos
418 2880 573 2911 versus
606 2868 700 2911 sive
732 2881 760 2912 a
781 2868 971 2913 Stobaeo
1004 2868 1098 2913 sive
1131 2869 1186 2912 ab
1219 2882 1283 2923 eo,
1317 2869 1441 2914 cuius
1463 2870 1625 2913 scrinia
1646 2870 1720 2914 ille
1743 2883 1859 2914 com-

295 2943 464 2999 pilavit,
499 2958 522 2988 e
555 2945 726 2989 duabus
759 2946 876 3000 apud
905 2946 1204 3001 Theognidem
1235 2947 1510 2991 exstantibus
1532 2948 1859 2992 recensionibus

293 3020 357 3064 ita
388 3022 710 3076 conglutinatos
743 3027 839 3066 esse
872 3029 1074 3077 apparet,
1121 3029 1171 3066 ut
1207 3036 1285 3078 pro
1318 3024 1438 3065 παισὶν
1471 3024 1573 3066 ἔνδον
1606 3029 1649 3068 et
1680 3025 1723 3068 in
1755 3039 1858 3079 pen-
