<?xml version="1.0" encoding="UTF-8"?>
<!DOCTYPE html PUBLIC "-//W3C//DTD XHTML 1.0 Transitional//EN"
    "http://www.w3.org/TR/xhtml1/DTD/xhtml1-transitional.dtd">
<html xmlns="http://www.w3.org/1999/xhtml" xml:lang="en" lang="en">
 <head>
  <title>
</title>
<meta http-equiv="Content-Type" content="text/html;charset=utf-8" />
  <meta name='ocr-system' content='tesseract 3.04.00' />
  <meta name='ocr-capabilities' content='ocr_page ocr_carea ocr_par ocr_line ocrx_word'/>
</head>
<body>
  <div class='ocr_page' id='page_1' title='image "./deiteratisapudth00schauoft_0043.png"; bbox 0 0 2098 3406; ppageno 0'>
   <div class='ocr_carea' id='block_1_1' title="bbox 911 297 1206 338">
    <p class='ocr_par' dir='ltr' id='par_1_1' title="bbox 911 297 1206 338">
     <span class='ocr_line' id='line_1_1' title="bbox 911 297 1206 338; baseline -0.007 -12"><span class='ocrx_word' id='word_1_1' title='bbox 911 297 1206 338; x_wconf 76' lang='lat'><strong>..35—</strong></span> 
     </span>
    </p>
   </div>
   <div class='ocr_carea' id='block_1_2' title="bbox 278 425 1842 558">
    <p class='ocr_par' dir='ltr' id='par_1_2' title="bbox 278 425 1842 558">
     <span class='ocr_line' id='line_1_2' title="bbox 279 425 1842 482; baseline -0.004 -10"><span class='ocrx_word' id='word_1_2' title='bbox 279 426 498 482; x_wconf 83' lang='lat' dir='ltr'>queritur,</span> <span class='ocrx_word' id='word_1_3' title='bbox 539 426 748 480; x_wconf 91' lang='lat' dir='ltr'>quidquid</span> <span class='ocrx_word' id='word_1_4' title='bbox 791 426 945 471; x_wconf 79' lang='lat' dir='ltr'>enixus</span> <span class='ocrx_word' id='word_1_5' title='bbox 984 428 1120 479; x_wconf 83' lang='lat' dir='ltr'>esset,</span> <span class='ocrx_word' id='word_1_6' title='bbox 1158 425 1324 469; x_wconf 85' lang='lat' dir='ltr'>frustra</span> <span class='ocrx_word' id='word_1_7' title='bbox 1359 425 1555 482; x_wconf 87' lang='lat' dir='ltr'>laborem</span> <span class='ocrx_word' id='word_1_8' title='bbox 1588 427 1631 466; x_wconf 92' lang='lat' dir='ltr'>et</span> <span class='ocrx_word' id='word_1_9' title='bbox 1663 436 1842 477; x_wconf 82' lang='lat' dir='ltr'>operam</span> 
     </span>
     <span class='ocr_line' id='line_1_3' title="bbox 278 503 694 558; baseline -0.005 -9"><span class='ocrx_word' id='word_1_10' title='bbox 278 518 327 550; x_wconf 88' lang='lat' dir='ltr'>se</span> <span class='ocrx_word' id='word_1_11' title='bbox 357 503 694 558; x_wconf 78' lang='lat' dir='ltr'>consumpsisse.</span> 
     </span>
    </p>
   </div>
   <div class='ocr_carea' id='block_1_3' title="bbox 279 591 1844 724">
    <p class='ocr_par' dir='ltr' id='par_1_3' title="bbox 279 591 1844 724">
     <span class='ocr_line' id='line_1_4' title="bbox 397 591 1844 649; baseline -0.003 -11"><span class='ocrx_word' id='word_1_12' title='bbox 397 592 496 638; x_wconf 88' lang='lat' dir='ltr'>Scio</span> <span class='ocrx_word' id='word_1_13' title='bbox 530 592 663 636; x_wconf 87' lang='lat' dir='ltr'>etiam</span> <span class='ocrx_word' id='word_1_14' title='bbox 702 594 837 638; x_wconf 89' lang='lat' dir='ltr'>alium</span> <span class='ocrx_word' id='word_1_15' title='bbox 876 593 1034 649; x_wconf 90' lang='lat' dir='ltr'>prioris</span> <span class='ocrx_word' id='word_1_16' title='bbox 1073 591 1341 636; x_wconf 77' lang='lat' dir='ltr'>collectionis</span> <span class='ocrx_word' id='word_1_17' title='bbox 1378 592 1522 635; x_wconf 92' lang='lat' dir='ltr'>locum</span> <span class='ocrx_word' id='word_1_18' title='bbox 1556 604 1583 635; x_wconf 92' lang='lat' dir='ltr'>a</span> <span class='ocrx_word' id='word_1_19' title='bbox 1609 591 1844 635; x_wconf 90' lang='lat' dir='ltr'>Welckero</span> 
     </span>
     <span class='ocr_line' id='line_1_5' title="bbox 279 671 1521 724; baseline -0.003 -8"><span class='ocrx_word' id='word_1_20' title='bbox 279 671 546 716; x_wconf 88' lang='lat' dir='ltr'>carminibus</span> <span class='ocrx_word' id='word_1_21' title='bbox 579 671 805 715; x_wconf 86' lang='lat' dir='ltr'>amatoriis</span> <span class='ocrx_word' id='word_1_22' title='bbox 839 671 1036 716; x_wconf 90' lang='lat' dir='ltr'>additum</span> <span class='ocrx_word' id='word_1_23' title='bbox 1069 682 1179 724; x_wconf 86' lang='lat' dir='ltr'>esse,</span> <span class='ocrx_word' id='word_1_24' title='bbox 1211 683 1253 713; x_wconf 89' lang='lat' dir='ltr'>v.</span> <span class='ocrx_word' id='word_1_25' title='bbox 1287 673 1521 713; x_wconf 80' lang='lat'>959-962</span> 
     </span>
    </p>
   </div>
   <div class='ocr_carea' id='block_1_4' title="bbox 555 775 1630 1069">
    <p class='ocr_par' dir='ltr' id='par_1_4' title="bbox 555 775 1630 912">
     <span class='ocr_line' id='line_1_6' title="bbox 555 775 1630 834; baseline -0.003 -14"><span class='ocrx_word' id='word_1_26' title='bbox 555 778 672 820; x_wconf 78' lang='grc' dir='ltr'>Ἔστε</span> <span class='ocrx_word' id='word_1_27' title='bbox 706 778 773 833; x_wconf 79' lang='grc' dir='ltr'>μὲν</span> <span class='ocrx_word' id='word_1_28' title='bbox 807 779 918 826; x_wconf 77' lang='grc' dir='ltr'>αὐτὸς</span> <span class='ocrx_word' id='word_1_29' title='bbox 950 779 1069 820; x_wconf 82' lang='grc' dir='ltr'>ἔπινον</span> <span class='ocrx_word' id='word_1_30' title='bbox 1102 776 1173 818; x_wconf 79' lang='grc' dir='ltr'>ἀπὸ</span> <span class='ocrx_word' id='word_1_31' title='bbox 1203 778 1349 833; x_wconf 82' lang='grc' dir='ltr'>κρήνης</span> <span class='ocrx_word' id='word_1_32' title='bbox 1381 775 1630 834; x_wconf 78' lang='grc' dir='ltr'>μελανύδρου,</span> 
     </span>
     <span class='ocr_line' id='line_1_7' title="bbox 561 853 1477 912; baseline -0.004 -15"><span class='ocrx_word' id='word_1_33' title='bbox 561 856 633 912; x_wconf 62' lang='grc' dir='ltr'>ἡδύ</span> <span class='ocrx_word' id='word_1_34' title='bbox 664 857 698 896; x_wconf 79' lang='grc' dir='ltr'>τί</span> <span class='ocrx_word' id='word_1_35' title='bbox 732 872 790 910; x_wconf 86' lang='grc' dir='ltr'>μοι</span> <span class='ocrx_word' id='word_1_36' title='bbox 822 856 951 897; x_wconf 73' lang='grc' dir='ltr'>ῧόκεεν</span> <span class='ocrx_word' id='word_1_37' title='bbox 981 855 1043 896; x_wconf 84' lang='grc' dir='ltr'>καὶ</span> <span class='ocrx_word' id='word_1_38' title='bbox 1074 855 1193 896; x_wconf 83' lang='grc' dir='ltr'>καλὸν</span> <span class='ocrx_word' id='word_1_39' title='bbox 1225 854 1344 910; x_wconf 82' lang='grc' dir='ltr'>ἔμμεν</span> <span class='ocrx_word' id='word_1_40' title='bbox 1377 853 1477 910; x_wconf 71' lang='grc' dir='ltr'>ὔδωρ</span> 
     </span>
    </p>

    <p class='ocr_par' dir='ltr' id='par_1_5' title="bbox 562 931 1591 1069">
     <span class='ocr_line' id='line_1_8' title="bbox 562 931 1591 990; baseline -0.002 -16"><span class='ocrx_word' id='word_1_41' title='bbox 562 937 626 974; x_wconf 74' lang='grc' dir='ltr'>νῦν</span> <span class='ocrx_word' id='word_1_42' title='bbox 657 933 771 989; x_wconf 61' lang='grc' dir='ltr'>δ’ἤῧη</span> <span class='ocrx_word' id='word_1_43' title='bbox 803 933 1030 983; x_wconf 77' lang='grc' dir='ltr'>τεθολωται,</span> <span class='ocrx_word' id='word_1_44' title='bbox 1063 931 1163 990; x_wconf 68' lang='grc' dir='ltr'>ὕδωρ</span> <span class='ocrx_word' id='word_1_45' title='bbox 1193 932 1472 987; x_wconf 60' lang='grc' dir='ltr'>δ’ἀναμίσγεται</span> <span class='ocrx_word' id='word_1_46' title='bbox 1503 931 1591 982; x_wconf 79' lang='grc' dir='ltr'>ἰλυῖ,</span> 
     </span>
     <span class='ocr_line' id='line_1_9' title="bbox 562 1010 1362 1069; baseline -0.001 -18"><span class='ocrx_word' id='word_1_47' title='bbox 562 1010 692 1066; x_wconf 88' lang='grc' dir='ltr'>ἄλλης</span> <span class='ocrx_word' id='word_1_48' title='bbox 722 1011 770 1067; x_wconf 63' lang='grc' dir='ltr'>δὴ</span> <span class='ocrx_word' id='word_1_49' title='bbox 802 1014 948 1069; x_wconf 77' lang='grc' dir='ltr'>κρήνης</span> <span class='ocrx_word' id='word_1_50' title='bbox 978 1011 1104 1065; x_wconf 90' lang='grc' dir='ltr'>πίομαι</span> <span class='ocrx_word' id='word_1_51' title='bbox 1134 1010 1161 1065; x_wconf 88' lang='grc' dir='ltr'>ἢ</span> <span class='ocrx_word' id='word_1_52' title='bbox 1194 1013 1362 1064; x_wconf 78' lang='grc' dir='ltr'>ποταμοῦ</span> 
     </span>
    </p>
   </div>
   <div class='ocr_carea' id='block_1_5' title="bbox 277 1122 1849 1874">
    <p class='ocr_par' dir='ltr' id='par_1_6' title="bbox 277 1122 1849 1874">
     <span class='ocr_line' id='line_1_10' title="bbox 278 1122 1846 1180; baseline -0.005 -11"><span class='ocrx_word' id='word_1_53' title='bbox 278 1137 418 1179; x_wconf 90' lang='lat' dir='ltr'>neque</span> <span class='ocrx_word' id='word_1_54' title='bbox 455 1123 627 1178; x_wconf 85' lang='lat' dir='ltr'>dubito,</span> <span class='ocrx_word' id='word_1_55' title='bbox 667 1124 770 1178; x_wconf 90' lang='lat' dir='ltr'>quin</span> <span class='ocrx_word' id='word_1_56' title='bbox 807 1124 850 1167; x_wconf 90' lang='lat' dir='ltr'>in</span> <span class='ocrx_word' id='word_1_57' title='bbox 888 1122 975 1168; x_wconf 91' lang='lat' dir='ltr'>illis</span> <span class='ocrx_word' id='word_1_58' title='bbox 1006 1123 1206 1167; x_wconf 86' lang='lat' dir='ltr'>versibus</span> <span class='ocrx_word' id='word_1_59' title='bbox 1238 1126 1361 1180; x_wconf 78' lang='grc' dir='ltr'>κρήνη</span> <span class='ocrx_word' id='word_1_60' title='bbox 1393 1122 1446 1166; x_wconf 91' lang='lat' dir='ltr'>de</span> <span class='ocrx_word' id='word_1_61' title='bbox 1485 1123 1649 1176; x_wconf 76' lang='lat' dir='ltr'>puella,</span> <span class='ocrx_word' id='word_1_62' title='bbox 1682 1123 1846 1175; x_wconf 75' lang='grc' dir='ltr'>ποταμός</span> 
     </span>
     <span class='ocr_line' id='line_1_11' title="bbox 278 1198 1845 1256; baseline -0.003 -10"><span class='ocrx_word' id='word_1_63' title='bbox 278 1202 332 1246; x_wconf 89' lang='lat' dir='ltr'>de</span> <span class='ocrx_word' id='word_1_64' title='bbox 368 1214 503 1256; x_wconf 86' lang='lat' dir='ltr'>puero</span> <span class='ocrx_word' id='word_1_65' title='bbox 542 1201 814 1256; x_wconf 80' lang='lat' dir='ltr'>accipienda3</span> <span class='ocrx_word' id='word_1_66' title='bbox 863 1201 899 1245; x_wconf 91' lang='lat' dir='ltr'>si</span> <span class='ocrx_word' id='word_1_67' title='bbox 939 1201 1113 1254; x_wconf 90' lang='lat' dir='ltr'>quidem</span> <span class='ocrx_word' id='word_1_68' title='bbox 1153 1204 1348 1244; x_wconf 86' lang='lat' dir='ltr'>extremo</span> <span class='ocrx_word' id='word_1_69' title='bbox 1395 1199 1538 1244; x_wconf 90' lang='lat' dir='ltr'>ultimi</span> <span class='ocrx_word' id='word_1_70' title='bbox 1584 1198 1845 1254; x_wconf 78' lang='lat' dir='ltr'>pentametri</span> 
     </span>
     <span class='ocr_line' id='line_1_12' title="bbox 277 1275 1846 1335; baseline -0.003 -12"><span class='ocrx_word' id='word_1_71' title='bbox 277 1280 372 1323; x_wconf 93' lang='lat' dir='ltr'>loco</span> <span class='ocrx_word' id='word_1_72' title='bbox 404 1280 430 1335; x_wconf 85' lang='grc' dir='ltr'>ῆ</span> <span class='ocrx_word' id='word_1_73' title='bbox 463 1282 630 1333; x_wconf 82' lang='grc' dir='ltr'>ποταμοῦ</span> <span class='ocrx_word' id='word_1_74' title='bbox 661 1282 779 1322; x_wconf 87' lang='lat' dir='ltr'>recte</span> <span class='ocrx_word' id='word_1_75' title='bbox 811 1278 973 1333; x_wconf 86' lang='lat' dir='ltr'>legitur</span> <span class='ocrx_word' id='word_1_76' title='bbox 1003 1290 1144 1332; x_wconf 89' lang='lat' dir='ltr'>neque</span> <span class='ocrx_word' id='word_1_77' title='bbox 1173 1290 1270 1322; x_wconf 92' lang='lat' dir='ltr'>cum</span> <span class='ocrx_word' id='word_1_78' title='bbox 1298 1276 1502 1321; x_wconf 91' lang='lat' dir='ltr'>Hartelio</span> <span class='ocrx_word' id='word_1_79' title='bbox 1534 1276 1579 1319; x_wconf 89' lang='lat' dir='ltr'>in</span> <span class='ocrx_word' id='word_1_80' title='bbox 1600 1275 1846 1330; x_wconf 86' lang='lat' dir='ltr'>Analectis‚</span> 
     </span>
     <span class='ocr_line' id='line_1_13' title="bbox 278 1353 1846 1411; baseline -0.004 -11"><span class='ocrx_word' id='word_1_81' title='bbox 278 1370 391 1411; x_wconf 89' lang='lat' dir='ltr'>quae</span> <span class='ocrx_word' id='word_1_82' title='bbox 423 1356 580 1400; x_wconf 91' lang='lat' dir='ltr'>studiis</span> <span class='ocrx_word' id='word_1_83' title='bbox 610 1355 1022 1400; x_wconf 85' lang='lat' dir='ltr'>Vindobonensibus</span> <span class='ocrx_word' id='word_1_84' title='bbox 1060 1367 1101 1399; x_wconf 90' lang='lat' dir='ltr'>a.</span> <span class='ocrx_word' id='word_1_85' title='bbox 1137 1359 1249 1399; x_wconf 88' lang='lat'>1879</span> <span class='ocrx_word' id='word_1_86' title='bbox 1281 1354 1447 1398; x_wconf 88' lang='lat' dir='ltr'>inserta</span> <span class='ocrx_word' id='word_1_87' title='bbox 1485 1357 1606 1408; x_wconf 83' lang='lat' dir='ltr'>sunt,</span> <span class='ocrx_word' id='word_1_88' title='bbox 1638 1353 1768 1410; x_wconf 82' lang='grc' dir='ltr'>ἄλλης</span> <span class='ocrx_word' id='word_1_89' title='bbox 1798 1353 1846 1409; x_wconf 75' lang='grc' dir='ltr'>δὴ</span> 
     </span>
     <span class='ocr_line' id='line_1_14' title="bbox 278 1425 1845 1493; baseline -0.003 -17"><span class='ocrx_word' id='word_1_90' title='bbox 278 1437 424 1493; x_wconf 82' lang='grc' dir='ltr'>κρήνης</span> <span class='ocrx_word' id='word_1_91' title='bbox 469 1435 569 1488; x_wconf 83' lang='grc' dir='ltr'>πίομ’</span> <span class='ocrx_word' id='word_1_92' title='bbox 620 1433 827 1489; x_wconf 78' lang='grc' dir='ltr'>ἐπηετανοῦ</span> <span class='ocrx_word' id='word_1_93' title='bbox 880 1436 957 1476; x_wconf 91' lang='lat' dir='ltr'>aut</span> <span class='ocrx_word' id='word_1_94' title='bbox 1009 1446 1107 1476; x_wconf 91' lang='lat' dir='ltr'>cum</span> <span class='ocrx_word' id='word_1_95' title='bbox 1158 1432 1496 1487; x_wconf 86' lang='lat' dir='ltr'>Peppmuellero</span> <span class='ocrx_word' id='word_1_96' title='bbox 1548 1430 1609 1488; x_wconf 89' lang='lat' dir='ltr'>(p.</span> <span class='ocrx_word' id='word_1_97' title='bbox 1649 1430 1694 1489; x_wconf 84' lang='lat'>7)</span> <span class='ocrx_word' id='word_1_98' title='bbox 1716 1425 1719 1426; x_wconf 41' lang='lat'><em>⁷</em></span> <span class='ocrx_word' id='word_1_99' title='bbox 1745 1431 1845 1485; x_wconf 61' lang='grc' dir='ltr'>πῶμ’</span> 
     </span>
     <span class='ocr_line' id='line_1_15' title="bbox 280 1508 1849 1570; baseline -0.001 -16"><span class='ocrx_word' id='word_1_100' title='bbox 280 1513 487 1570; x_wconf 72' lang='grc' dir='ltr'>ἀκηρασίου</span> <span class='ocrx_word' id='word_1_101' title='bbox 518 1511 796 1556; x_wconf 89' lang='lat' dir='ltr'>scribendum</span> <span class='ocrx_word' id='word_1_102' title='bbox 829 1514 908 1554; x_wconf 90' lang='lat' dir='ltr'>est.</span> <span class='ocrx_word' id='word_1_103' title='bbox 972 1511 1138 1554; x_wconf 80' lang='lat' dir='ltr'>Tamen</span> <span class='ocrx_word' id='word_1_104' title='bbox 1168 1523 1210 1554; x_wconf 87' lang='lat' dir='ltr'>v.</span> <span class='ocrx_word' id='word_1_105' title='bbox 1235 1513 1471 1553; x_wconf 85' lang='lat'>949—954</span> <span class='ocrx_word' id='word_1_106' title='bbox 1501 1510 1658 1553; x_wconf 89' lang='lat' dir='ltr'>Musae</span> <span class='ocrx_word' id='word_1_107' title='bbox 1690 1508 1849 1563; x_wconf 91' lang='lat' dir='ltr'>puerili</span> 
     </span>
     <span class='ocr_line' id='line_1_16' title="bbox 280 1586 1847 1643; baseline -0.003 -9"><span class='ocrx_word' id='word_1_108' title='bbox 280 1589 460 1634; x_wconf 72' lang='lat' dir='ltr'>attribui</span> <span class='ocrx_word' id='word_1_109' title='bbox 511 1602 641 1643; x_wconf 88' lang='lat' dir='ltr'>posse</span> <span class='ocrx_word' id='word_1_110' title='bbox 692 1587 939 1642; x_wconf 85' lang='lat' dir='ltr'>praefracte</span> <span class='ocrx_word' id='word_1_111' title='bbox 986 1600 1110 1642; x_wconf 87' lang='lat' dir='ltr'>nego.</span> <span class='ocrx_word' id='word_1_112' title='bbox 1191 1587 1275 1631; x_wconf 92' lang='lat' dir='ltr'>Ille</span> <span class='ocrx_word' id='word_1_113' title='bbox 1322 1589 1490 1640; x_wconf 82' lang='lat' dir='ltr'>autem,</span> <span class='ocrx_word' id='word_1_114' title='bbox 1538 1586 1612 1641; x_wconf 91' lang='lat' dir='ltr'>qui</span> <span class='ocrx_word' id='word_1_115' title='bbox 1659 1586 1847 1640; x_wconf 90' lang='lat' dir='ltr'>primum</span> 
     </span>
     <span class='ocr_line' id='line_1_17' title="bbox 281 1663 1847 1720; baseline -0.003 -9"><span class='ocrx_word' id='word_1_116' title='bbox 281 1666 496 1711; x_wconf 90' lang='lat' dir='ltr'>distichon</span> <span class='ocrx_word' id='word_1_117' title='bbox 528 1666 715 1710; x_wconf 88' lang='lat' dir='ltr'>aliorum</span> <span class='ocrx_word' id='word_1_118' title='bbox 748 1677 959 1720; x_wconf 82' lang='lat' dir='ltr'>compage</span> <span class='ocrx_word' id='word_1_119' title='bbox 992 1665 1137 1719; x_wconf 83' lang='lat' dir='ltr'>solvit,</span> <span class='ocrx_word' id='word_1_120' title='bbox 1171 1677 1270 1708; x_wconf 92' lang='lat' dir='ltr'>cum</span> <span class='ocrx_word' id='word_1_121' title='bbox 1302 1663 1435 1708; x_wconf 89' lang='lat' dir='ltr'>sciret</span> <span class='ocrx_word' id='word_1_122' title='bbox 1461 1663 1639 1718; x_wconf 88' lang='lat' dir='ltr'>saepius</span> <span class='ocrx_word' id='word_1_123' title='bbox 1660 1676 1847 1718; x_wconf 90' lang='lat' dir='ltr'>puerum</span> 
     </span>
     <span class='ocr_line' id='line_1_18' title="bbox 281 1741 1846 1796; baseline -0.003 -8"><span class='ocrx_word' id='word_1_124' title='bbox 281 1757 380 1788; x_wconf 91' lang='lat' dir='ltr'>cum</span> <span class='ocrx_word' id='word_1_125' title='bbox 411 1744 618 1788; x_wconf 88' lang='lat' dir='ltr'>hinnuleo</span> <span class='ocrx_word' id='word_1_126' title='bbox 652 1741 921 1796; x_wconf 84' lang='lat' dir='ltr'>comparari,</span> <span class='ocrx_word' id='word_1_127' title='bbox 968 1742 1189 1796; x_wconf 87' lang='lat' dir='ltr'>impurum</span> <span class='ocrx_word' id='word_1_128' title='bbox 1235 1745 1366 1795; x_wconf 89' lang='lat' dir='ltr'>atque</span> <span class='ocrx_word' id='word_1_129' title='bbox 1404 1741 1640 1785; x_wconf 88' lang='lat' dir='ltr'>obscenum</span> <span class='ocrx_word' id='word_1_130' title='bbox 1673 1754 1846 1785; x_wconf 90' lang='lat' dir='ltr'>sensum</span> 
     </span>
     <span class='ocr_line' id='line_1_19' title="bbox 282 1818 1134 1874; baseline -0.004 -9"><span class='ocrx_word' id='word_1_131' title='bbox 282 1821 484 1865; x_wconf 84' lang='lat' dir='ltr'>attribuit</span> <span class='ocrx_word' id='word_1_132' title='bbox 515 1824 559 1864; x_wconf 93' lang='lat' dir='ltr'>et</span> <span class='ocrx_word' id='word_1_133' title='bbox 589 1824 690 1874; x_wconf 89' lang='lat' dir='ltr'>post</span> <span class='ocrx_word' id='word_1_134' title='bbox 720 1833 761 1863; x_wconf 88' lang='lat' dir='ltr'>v.</span> <span class='ocrx_word' id='word_1_135' title='bbox 799 1822 911 1862; x_wconf 83' lang='lat'>1278</span> <span class='ocrx_word' id='word_1_136' title='bbox 944 1818 1134 1863; x_wconf 86' lang='lat' dir='ltr'>iteravit.</span> 
     </span>
    </p>
   </div>
   <div class='ocr_carea' id='block_1_6' title="bbox 283 1920 1849 2130">
    <p class='ocr_par' dir='ltr' id='par_1_7' title="bbox 283 1920 1849 2130">
     <span class='ocr_line' id='line_1_20' title="bbox 401 1920 1849 1974; baseline -0.001 -9"><span class='ocrx_word' id='word_1_137' title='bbox 401 1921 570 1965; x_wconf 84' lang='lat' dir='ltr'>Eodem</span> <span class='ocrx_word' id='word_1_138' title='bbox 603 1921 730 1964; x_wconf 91' lang='lat' dir='ltr'>modo</span> <span class='ocrx_word' id='word_1_139' title='bbox 763 1934 804 1964; x_wconf 87' lang='lat' dir='ltr'>v.</span> <span class='ocrx_word' id='word_1_140' title='bbox 842 1924 1147 1974; x_wconf 80' lang='grc'>1107-1108,</span> <span class='ocrx_word' id='word_1_141' title='bbox 1196 1920 1268 1974; x_wconf 90' lang='lat' dir='ltr'>qui</span> <span class='ocrx_word' id='word_1_142' title='bbox 1302 1933 1380 1964; x_wconf 90' lang='lat' dir='ltr'>suo</span> <span class='ocrx_word' id='word_1_143' title='bbox 1412 1920 1507 1964; x_wconf 92' lang='lat' dir='ltr'>loco</span> <span class='ocrx_word' id='word_1_144' title='bbox 1540 1933 1619 1974; x_wconf 89' lang='lat' dir='ltr'>per</span> <span class='ocrx_word' id='word_1_145' title='bbox 1651 1932 1697 1964; x_wconf 89' lang='lat' dir='ltr'>se</span> <span class='ocrx_word' id='word_1_146' title='bbox 1730 1922 1849 1963; x_wconf 87' lang='lat' dir='ltr'>stant</span> 
     </span>
     <span class='ocr_line' id='line_1_21' title="bbox 283 1996 1847 2053; baseline -0.001 -11"><span class='ocrx_word' id='word_1_147' title='bbox 283 2001 326 2042; x_wconf 92' lang='lat' dir='ltr'>et</span> <span class='ocrx_word' id='word_1_148' title='bbox 356 2001 513 2052; x_wconf 87' lang='lat' dir='ltr'>poetae</span> <span class='ocrx_word' id='word_1_149' title='bbox 545 1999 769 2053; x_wconf 90' lang='lat' dir='ltr'>querelam</span> <span class='ocrx_word' id='word_1_150' title='bbox 803 1997 1034 2052; x_wconf 83' lang='lat' dir='ltr'>continent,</span> <span class='ocrx_word' id='word_1_151' title='bbox 1081 1997 1125 2040; x_wconf 91' lang='lat' dir='ltr'>in</span> <span class='ocrx_word' id='word_1_152' title='bbox 1172 1997 1435 2041; x_wconf 85' lang='lat' dir='ltr'>amatorium</span> <span class='ocrx_word' id='word_1_153' title='bbox 1474 2010 1647 2041; x_wconf 90' lang='lat' dir='ltr'>sensum</span> <span class='ocrx_word' id='word_1_154' title='bbox 1687 1996 1847 2041; x_wconf 86' lang='lat' dir='ltr'>detorti</span> 
     </span>
     <span class='ocr_line' id='line_1_22' title="bbox 284 2074 1560 2130; baseline -0.002 -11"><span class='ocrx_word' id='word_1_155' title='bbox 284 2079 328 2119; x_wconf 89' lang='lat' dir='ltr'>et</span> <span class='ocrx_word' id='word_1_156' title='bbox 358 2089 399 2119; x_wconf 88' lang='lat' dir='ltr'>v.</span> <span class='ocrx_word' id='word_1_157' title='bbox 436 2079 728 2119; x_wconf 84' lang='grc'><strong>1311-1318</strong></span> <span class='ocrx_word' id='word_1_158' title='bbox 762 2075 819 2119; x_wconf 87' lang='lat' dir='ltr'>ad</span> <span class='ocrx_word' id='word_1_159' title='bbox 850 2088 1034 2129; x_wconf 90' lang='lat' dir='ltr'>puerum</span> <span class='ocrx_word' id='word_1_160' title='bbox 1068 2075 1243 2130; x_wconf 90' lang='lat' dir='ltr'>scriptis</span> <span class='ocrx_word' id='word_1_161' title='bbox 1276 2074 1413 2119; x_wconf 91' lang='lat' dir='ltr'>additi</span> <span class='ocrx_word' id='word_1_162' title='bbox 1446 2078 1560 2119; x_wconf 88' lang='lat' dir='ltr'>sunt.</span> 
     </span>
    </p>
   </div>
   <div class='ocr_carea' id='block_1_7' title="bbox 559 2175 1663 2312">
    <p class='ocr_par' dir='ltr' id='par_1_8' title="bbox 559 2175 1663 2312">
     <span class='ocr_line' id='line_1_23' title="bbox 559 2175 1663 2234; baseline -0.001 -16"><span class='ocrx_word' id='word_1_163' title='bbox 559 2177 671 2232; x_wconf 84' lang='grc' dir='ltr'>Ὤμοι</span> <span class='ocrx_word' id='word_1_164' title='bbox 705 2176 778 2233; x_wconf 72' lang='grc' dir='ltr'>ε’·ςό)</span> <span class='ocrx_word' id='word_1_165' title='bbox 810 2177 933 2224; x_wconf 60' lang='grc' dir='ltr'>δειλός</span> <span class='ocrx_word' id='word_1_166' title='bbox 963 2177 1025 2218; x_wconf 78' lang='grc' dir='ltr'>καί</span> <span class='ocrx_word' id='word_1_167' title='bbox 1056 2176 1104 2233; x_wconf 62' lang='grc' dir='ltr'>δὴ</span> <span class='ocrx_word' id='word_1_168' title='bbox 1135 2180 1366 2234; x_wconf 81' lang='grc' dir='ltr'>κατάχαρμα</span> <span class='ocrx_word' id='word_1_169' title='bbox 1398 2175 1466 2231; x_wconf 81' lang='grc' dir='ltr'>μὲν</span> <span class='ocrx_word' id='word_1_170' title='bbox 1499 2176 1663 2234; x_wconf 75' lang='grc' dir='ltr'>ἐχθροῖς,</span> 
     </span>
     <span class='ocr_line' id='line_1_24' title="bbox 566 2252 1524 2312; baseline -0.002 -16"><span class='ocrx_word' id='word_1_171' title='bbox 566 2260 641 2302; x_wconf 78' lang='grc' dir='ltr'>τοῖς</span> <span class='ocrx_word' id='word_1_172' title='bbox 672 2255 714 2296; x_wconf 68' lang='grc' dir='ltr'>δέ</span> <span class='ocrx_word' id='word_1_173' title='bbox 746 2255 880 2312; x_wconf 80' lang='grc' dir='ltr'>φίλοισι</span> <span class='ocrx_word' id='word_1_174' title='bbox 912 2257 1021 2301; x_wconf 82' lang='grc' dir='ltr'>πόνος</span> <span class='ocrx_word' id='word_1_175' title='bbox 1051 2254 1153 2296; x_wconf 61' lang='grc' dir='ltr'>δεινά</span> <span class='ocrx_word' id='word_1_176' title='bbox 1185 2252 1319 2295; x_wconf 77' lang='grc' dir='ltr'>παθὼν</span> <span class='ocrx_word' id='word_1_177' title='bbox 1351 2256 1524 2309; x_wconf 66' lang='grc' dir='ltr'>γενόμην.</span> 
     </span>
    </p>
   </div>
   <div class='ocr_carea' id='block_1_8' title="bbox 283 2373 1848 2951">
    <p class='ocr_par' dir='ltr' id='par_1_9' title="bbox 283 2373 1848 2951">
     <span class='ocr_line' id='line_1_25' title="bbox 402 2373 1846 2429; baseline -0.001 -9"><span class='ocrx_word' id='word_1_178' title='bbox 402 2375 539 2420; x_wconf 89' lang='lat' dir='ltr'>Cuius</span> <span class='ocrx_word' id='word_1_179' title='bbox 572 2374 746 2419; x_wconf 88' lang='lat' dir='ltr'>distichi</span> <span class='ocrx_word' id='word_1_180' title='bbox 779 2377 1053 2428; x_wconf 85' lang='lat' dir='ltr'>pentameter</span> <span class='ocrx_word' id='word_1_181' title='bbox 1084 2373 1230 2428; x_wconf 89' lang='lat' dir='ltr'>priore</span> <span class='ocrx_word' id='word_1_182' title='bbox 1262 2374 1357 2418; x_wconf 85' lang='lat' dir='ltr'>loco</span> <span class='ocrx_word' id='word_1_183' title='bbox 1381 2373 1445 2418; x_wconf 89' lang='lat' dir='ltr'>sic</span> <span class='ocrx_word' id='word_1_184' title='bbox 1466 2373 1685 2429; x_wconf 76' lang='lat' dir='ltr'>scribitur,</span> <span class='ocrx_word' id='word_1_185' title='bbox 1718 2373 1761 2418; x_wconf 90' lang='lat' dir='ltr'>in</span> <span class='ocrx_word' id='word_1_186' title='bbox 1783 2373 1846 2418; x_wconf 91' lang='lat' dir='ltr'>A:</span> 
     </span>
     <span class='ocr_line' id='line_1_26' title="bbox 568 2467 1581 2527; baseline -0.002 -16"><span class='ocrx_word' id='word_1_187' title='bbox 568 2475 643 2517; x_wconf 78' lang='grc' dir='ltr'>τοῖς</span> <span class='ocrx_word' id='word_1_188' title='bbox 674 2469 715 2511; x_wconf 66' lang='grc' dir='ltr'>δὲ</span> <span class='ocrx_word' id='word_1_189' title='bbox 748 2470 869 2527; x_wconf 75' lang='grc' dir='ltr'>φίλοις</span> <span class='ocrx_word' id='word_1_190' title='bbox 899 2470 918 2510; x_wconf 77' lang='grc' dir='ltr'>ὁ</span> <span class='ocrx_word' id='word_1_191' title='bbox 951 2471 1060 2516; x_wconf 81' lang='grc' dir='ltr'>πόνος</span> <span class='ocrx_word' id='word_1_192' title='bbox 1089 2469 1198 2510; x_wconf 63' lang='grc' dir='ltr'>δειλά</span> <span class='ocrx_word' id='word_1_193' title='bbox 1229 2467 1363 2510; x_wconf 80' lang='grc' dir='ltr'>παθὼν</span> <span class='ocrx_word' id='word_1_194' title='bbox 1394 2470 1581 2524; x_wconf 66' lang='grc' dir='ltr'>γενοίμην,</span> 
     </span>
     <span class='ocr_line' id='line_1_27' title="bbox 283 2540 397 2587; baseline 0.018 -2"><span class='ocrx_word' id='word_1_195' title='bbox 283 2540 328 2585; x_wconf 90' lang='lat' dir='ltr'>in</span> <span class='ocrx_word' id='word_1_196' title='bbox 359 2541 397 2587; x_wconf 94' lang='grc' dir='ltr'><strong>Ο</strong></span> 
     </span>
     <span class='ocr_line' id='line_1_28' title="bbox 568 2610 1531 2670; baseline -0.003 -16"><span class='ocrx_word' id='word_1_197' title='bbox 568 2617 642 2659; x_wconf 81' lang='grc' dir='ltr'>τοῖς</span> <span class='ocrx_word' id='word_1_198' title='bbox 672 2611 714 2654; x_wconf 68' lang='grc' dir='ltr'>δὲ</span> <span class='ocrx_word' id='word_1_199' title='bbox 746 2614 880 2670; x_wconf 79' lang='grc' dir='ltr'>φίλοισι</span> <span class='ocrx_word' id='word_1_200' title='bbox 912 2614 1021 2658; x_wconf 88' lang='grc' dir='ltr'>πόνος</span> <span class='ocrx_word' id='word_1_201' title='bbox 1052 2611 1159 2652; x_wconf 66' lang='grc' dir='ltr'>δειλά</span> <span class='ocrx_word' id='word_1_202' title='bbox 1190 2610 1324 2652; x_wconf 74' lang='grc' dir='ltr'>παθὼν</span> <span class='ocrx_word' id='word_1_203' title='bbox 1357 2614 1531 2667; x_wconf 60' lang='grc' dir='ltr'>γενόμην,</span> 
     </span>
     <span class='ocr_line' id='line_1_29' title="bbox 286 2702 796 2755; baseline 0 -10"><span class='ocrx_word' id='word_1_204' title='bbox 286 2705 333 2745; x_wconf 86' lang='lat' dir='ltr'>at</span> <span class='ocrx_word' id='word_1_205' title='bbox 363 2705 462 2755; x_wconf 91' lang='lat' dir='ltr'>post</span> <span class='ocrx_word' id='word_1_206' title='bbox 492 2715 533 2745; x_wconf 85' lang='lat' dir='ltr'>v.</span> <span class='ocrx_word' id='word_1_207' title='bbox 570 2705 682 2745; x_wconf 84' lang='lat'>1318</span> <span class='ocrx_word' id='word_1_208' title='bbox 715 2702 796 2746; x_wconf 90' lang='lat' dir='ltr'>sic:</span> 
     </span>
     <span class='ocr_line' id='line_1_30' title="bbox 569 2788 1524 2848; baseline -0.003 -16"><span class='ocrx_word' id='word_1_209' title='bbox 569 2795 658 2832; x_wconf 75' lang='grc' dir='ltr'>τοῖσι</span> <span class='ocrx_word' id='word_1_210' title='bbox 690 2791 810 2848; x_wconf 76' lang='grc' dir='ltr'>φίλοις</span> <span class='ocrx_word' id='word_1_211' title='bbox 840 2790 882 2832; x_wconf 71' lang='grc' dir='ltr'>ῧε</span> <span class='ocrx_word' id='word_1_212' title='bbox 914 2793 1022 2837; x_wconf 82' lang='grc' dir='ltr'>πόνος</span> <span class='ocrx_word' id='word_1_213' title='bbox 1052 2790 1155 2831; x_wconf 74' lang='grc' dir='ltr'>ῧεινά</span> <span class='ocrx_word' id='word_1_214' title='bbox 1185 2788 1319 2830; x_wconf 81' lang='grc' dir='ltr'>παθὼν</span> <span class='ocrx_word' id='word_1_215' title='bbox 1351 2791 1524 2845; x_wconf 66' lang='grc' dir='ltr'>γενόμην.</span> 
     </span>
     <span class='ocr_line' id='line_1_31' title="bbox 402 2895 1848 2951; baseline 0 -10"><span class='ocrx_word' id='word_1_216' title='bbox 402 2897 538 2941; x_wconf 89' lang='lat' dir='ltr'>Vides</span> <span class='ocrx_word' id='word_1_217' title='bbox 569 2900 771 2941; x_wconf 91' lang='lat' dir='ltr'>neutrum</span> <span class='ocrx_word' id='word_1_218' title='bbox 803 2897 995 2942; x_wconf 89' lang='lat' dir='ltr'>codicem</span> <span class='ocrx_word' id='word_1_219' title='bbox 1029 2909 1180 2940; x_wconf 86' lang='lat' dir='ltr'>veram</span> <span class='ocrx_word' id='word_1_220' title='bbox 1218 2895 1424 2940; x_wconf 83' lang='lat' dir='ltr'>exhibere</span> <span class='ocrx_word' id='word_1_221' title='bbox 1471 2896 1723 2951; x_wconf 78' lang='lat' dir='ltr'>lectionem,</span> <span class='ocrx_word' id='word_1_222' title='bbox 1771 2897 1848 2942; x_wconf 91' lang='lat' dir='ltr'>sed</span> 
     </span>
    </p>
   </div>
   <div class='ocr_carea' id='block_1_9' title="bbox 285 2973 1848 3030">
    <p class='ocr_par' dir='ltr' id='par_1_10' title="bbox 285 2973 1848 3030">
     <span class='ocr_line' id='line_1_32' title="bbox 285 2973 1848 3030; baseline 0.001 -13"><span class='ocrx_word' id='word_1_223' title='bbox 285 2974 406 3028; x_wconf 86' lang='lat' dir='ltr'>prius</span> <span class='ocrx_word' id='word_1_224' title='bbox 437 2974 600 3018; x_wconf 89' lang='lat' dir='ltr'>codicis</span> <span class='ocrx_word' id='word_1_225' title='bbox 622 2974 665 3018; x_wconf 92' lang='lat' dir='ltr'>A</span> <span class='ocrx_word' id='word_1_226' title='bbox 687 2973 842 3018; x_wconf 89' lang='lat' dir='ltr'>vitium</span> <span class='ocrx_word' id='word_1_227' title='bbox 870 2974 1050 3018; x_wconf 90' lang='lat' dir='ltr'>alterius</span> <span class='ocrx_word' id='word_1_228' title='bbox 1078 2973 1325 3018; x_wconf 91' lang='lat' dir='ltr'>testimonio</span> <span class='ocrx_word' id='word_1_229' title='bbox 1348 2975 1570 3019; x_wconf 88' lang='lat' dir='ltr'>sublatum</span> <span class='ocrx_word' id='word_1_230' title='bbox 1593 2978 1672 3019; x_wconf 86' lang='lat' dir='ltr'>est.</span> <span class='ocrx_word' id='word_1_231' title='bbox 1722 2975 1848 3030; x_wconf 81' lang='lat' dir='ltr'>Quod</span> 
     </span>
    </p>
   </div>
   <div class='ocr_carea' id='block_1_10' title="bbox 285 3051 1848 3160">
    <p class='ocr_par' dir='ltr' id='par_1_11' title="bbox 285 3051 1848 3160">
     <span class='ocr_line' id='line_1_33' title="bbox 285 3051 1848 3107; baseline 0.001 -11"><span class='ocrx_word' id='word_1_232' title='bbox 285 3065 390 3096; x_wconf 86' lang='lat' dir='ltr'>vero</span> <span class='ocrx_word' id='word_1_233' title='bbox 423 3052 641 3096; x_wconf 90' lang='lat' dir='ltr'>Henricus</span> <span class='ocrx_word' id='word_1_234' title='bbox 672 3051 842 3095; x_wconf 82' lang='lat' dir='ltr'>Jordan</span> <span class='ocrx_word' id='word_1_235' title='bbox 881 3051 938 3106; x_wconf 92' lang='lat' dir='ltr'>(p.</span> <span class='ocrx_word' id='word_1_236' title='bbox 976 3051 1046 3107; x_wconf 91' lang='lat'>10)</span> <span class='ocrx_word' id='word_1_237' title='bbox 1085 3054 1318 3106; x_wconf 86' lang='lat' dir='ltr'>utrumque</span> <span class='ocrx_word' id='word_1_238' title='bbox 1355 3051 1549 3096; x_wconf 90' lang='lat' dir='ltr'>codicem</span> <span class='ocrx_word' id='word_1_239' title='bbox 1586 3052 1694 3094; x_wconf 71' lang='grc' dir='ltr'>δειλά</span> <span class='ocrx_word' id='word_1_240' title='bbox 1732 3055 1848 3098; x_wconf 87' lang='lat' dir='ltr'>recte</span> 
     </span>
     <span class='ocr_line' id='line_1_34' title="bbox 1516 3123 1563 3160; baseline 0 -17"><span class='ocrx_word' id='word_1_241' title='bbox 1516 3123 1563 3160; x_wconf 59' lang='lat'>3*</span> 
     </span>
    </p>
   </div>
  </div>
 </body>
</html>
