2098 3406
900 307 1183 346 -12ss

626 434 735 473 ἄκουε
766 431 878 486 δήνυν
908 431 968 472 καὶ
998 430 1044 471 σὺ
1075 431 1181 486 δεῦρο
1210 434 1292 470 νοῦν
1324 429 1389 486 ἔχε

279 513 323 550 ct.
353 509 511 551 Phoen.
545 511 648 551 360:

625 584 667 628 ὃς
696 582 866 628 δ’ἀλλως
895 582 994 636 λέγει

625 658 760 711 λόγοισι
789 659 921 714 χαίρει,
951 658 1011 698 τὸν
1043 658 1084 699 δὲ
1114 662 1197 698 νοῦν
1229 657 1338 698 ἐκεῑσ’
1371 657 1461 713 ἔχει,

278 752 339 794 ita
376 752 490 804 apud
523 751 813 803 Theognidem
845 754 925 791 νόον
957 750 1059 806 δ’ἐχε
1088 751 1149 791 καὶ
1179 751 1317 806 φρένας
1348 750 1451 804 ἄλλῃ
1488 750 1725 794 rectissime
1762 763 1809 792 se

280 829 419 870 habet.
481 828 613 869 Recte
644 826 747 869 mihi
779 827 931 870 fecisse
963 826 1135 869 videtur
1165 826 1324 878 Hiller‚
1356 826 1470 879 quod
1501 826 1544 869 in
1575 825 1810 869 novissima

279 902 568 955 Anthologiae
597 902 782 956 Lyricae
813 902 999 945 editione
1029 902 1206 955 Bergkii
1244 903 1487 955 exemplum
1523 915 1606 945 non
1638 906 1810 944 secutus

279 978 396 1030 prius
428 977 639 1021 distichon
671 979 726 1020 ab
759 978 834 1030 eis,
865 990 978 1031 quae
1008 983 1259 1031 sequuntur,
1291 978 1525 1031 separavit.

395 1054 560 1096 Versus
591 1057 645 1096 87
679 1058 724 1096 et
754 1057 808 1095 88
846 1054 909 1097 ita
945 1053 1092 1107 scripti
1130 1058 1180 1097 ut
1215 1054 1358 1107 priore
1394 1055 1488 1097 loco
1524 1054 1674 1098 traditi
1711 1060 1812 1096 sunt

281 1142 357 1182 per
393 1142 440 1172 se
477 1135 594 1173 stare
631 1134 675 1173 et
711 1135 892 1183 possunt
922 1134 966 1172 et
996 1130 1166 1173 debent.
1228 1130 1312 1184 Qui
1349 1131 1430 1173 hoc
1466 1129 1677 1173 distichon
1713 1143 1809 1173 cum

279 1206 417 1248 altero
460 1206 800 1259 coniungendum
842 1207 1068 1259 censebat,
1111 1206 1150 1249 ei
1187 1206 1229 1248 in
1266 1206 1386 1249 initio
1424 1206 1604 1249 alterius
1641 1205 1810 1249 distichi

280 1282 415 1324 verba
443 1282 469 1335 ἡ
502 1295 549 1334 με
579 1282 677 1336 φίλει
706 1282 750 1324 in
781 1282 885 1322 ἀλλὰ
915 1281 1011 1337 φίλει
1043 1282 1251 1325 mutanda
1282 1286 1416 1325 erant.

397 1358 560 1400 Versus
592 1361 793 1400 97-100

489 1451 580 1491 ἀλλ’
604 1452 661 1505 εἴη
681 1455 840 1496 τοιοῦτος
871 1450 949 1504 ἐμοὶ
979 1450 1099 1506 φίλος,
1129 1451 1170 1496 ὃς
1199 1451 1260 1492 τὸν
1292 1450 1431 1507 ἑταῖρον

490 1527 678 1580 γινώσκων
707 1526 819 1582 ὀργὴν
848 1526 909 1567 καὶ
942 1525 1056 1582 βαρὺν
1087 1527 1174 1567 ὄντα
1205 1527 1307 1582 φέρει

492 1602 571 1643 ἀντὶ
599 1605 834 1657 κασιγνήτου·
868 1601 912 1643 σὺ
944 1602 984 1642 δέ
1016 1617 1087 1655 μοι,
1117 1602 1215 1658 φίλε,
1245 1603 1348 1643 ταῦτ’
1382 1602 1432 1643 ε’νῖ.
1462 1602 1573 1657 θυμῷ

491 1682 651 1734 φράζεο,
680 1678 741 1718 καὶ
771 1678 858 1718 ποτέ
889 1692 957 1731 μου
988 1681 1146 1733 μνήσεαι
1177 1670 1348 1725 ἐξοπίσω.

282 1777 380 1826 post
410 1787 451 1815 v.
488 1776 599 1815 1164
630 1772 694 1815 ita
725 1776 997 1825 repetuntur,
1035 1776 1084 1815 ut
1113 1785 1154 1814 v.
1188 1775 1389 1815 98—100
1419 1773 1508 1829 febre
1544 1785 1628 1815 non
1659 1772 1815 1815 variati

283 1849 387 1901 sint,
424 1848 846 1902 praeterquamquod
883 1849 925 1891 A
962 1848 1074 1891 infra
1104 1849 1200 1888 τοῦτ’
1234 1861 1311 1901 pro
1342 1849 1444 1889 ταῦτ’
1477 1848 1626 1900 habet,
1664 1861 1817 1891 versus

284 1930 429 1968 autem
478 1927 531 1966 97
579 1924 642 1967 sic
692 1924 880 1978 legatur:
933 1926 1091 1969 τοιοῦτός
1135 1938 1186 1965 τοι
1232 1924 1327 1980 ἀνὴρ
1364 1924 1461 1965 ἔστω
1498 1924 1616 1980 φίλος.
1682 1923 1720 1967 Ο
1765 1937 1816 1965 τοι

285 2002 430 2045 omisit
460 2006 503 2044 et.
532 2002 635 2041 ταῦτ’
667 2000 803 2042 altero
835 2000 929 2043 loco
961 1999 1128 2043 retinet.
1174 2000 1256 2043 Est
1285 2000 1354 2043 hic
1385 2001 1504 2043 locus
1525 2011 1629 2042 sane
1649 1999 1816 2054 dignus,

286 2078 358 2130 qui
390 2076 639 2120 accuratius
670 2075 935 2129 inspiciatur.
982 2076 1051 2118 Ac
1082 2075 1265 2128 primum
1298 2074 1469 2128 quidem
1491 2087 1569 2118 nec
1589 2075 1817 2118 Welckero

287 2166 460 2207 possum
494 2152 726 2196 concedere
752 2152 836 2195 hoc
861 2151 1141 2194 tetrastichon
1170 2163 1265 2194 esse
1292 2150 1598 2205 seiungendum
1621 2151 1676 2194 ab
1699 2154 1819 2193 ante-

288 2229 538 2272 cedentibus
569 2228 788 2271 versibus:

489 2314 563 2356 Ἦν
593 2330 648 2361 τίς
679 2315 861 2370 ἑπαῑνήσῃ
894 2328 936 2355 σε
966 2316 1071 2355 τόσον
1101 2316 1231 2370 χρόνον
1262 2314 1368 2354 ὅσσον
1399 2312 1536 2369 ὁρῴης,

497 2390 706 2447 νοσφισθεὶς
736 2390 876 2444 δ’ἄλλῃ
907 2389 1082 2444 γλῶσσαν
1113 2389 1187 2443 ἑῇσι
1217 2391 1349 2444 κακήν,

497 2465 655 2512 τοιοῦτός
683 2480 735 2506 τοι
767 2466 909 2522 ἑταῖρος
939 2465 1035 2522 ἀνὴρ
1066 2465 1173 2521 φίλος
1202 2464 1275 2505 οὔτι
1307 2461 1393 2517 μάλ’
1427 2462 1576 2509 ἐσθλός,

498 2544 539 2588 ὅς
568 2540 685 2596 κἐἶπῃ
715 2541 871 2596 γλώσσῃ
902 2541 1000 2596 λῴα,
1031 2542 1150 2597 φρονῇ
1180 2538 1323 2596 δ’ἐτερα

290 2644 428 2684 neque
459 2629 705 2683 Hartungio
742 2634 840 2683 post
876 2641 1049 2672 versum
1088 2631 1142 2670 96
1180 2627 1390 2671 distichon
1428 2625 1714 2690 intercidisse,
1747 2627 1821 2670 sed

292 2707 509 2750 artissimo
532 2705 856 2750 necessitudinis
878 2705 1050 2748 vinculo
1072 2704 1183 2747 inter
1203 2716 1249 2747 se
1271 2703 1500 2746 coniuncta
1529 2715 1623 2746 esse
1645 2702 1822 2756 optime·

292 2795 373 2835 que
411 2782 643 2825 cohaerere
678 2780 937 2835 putaverim.
999 2779 1084 2834 Qui
1121 2792 1174 2822 ex
1210 2778 1402 2833 longiore
1439 2790 1645 2822 versuum
1676 2777 1822 2821 ordine

293 2859 347 2902 ad
384 2869 513 2901 unam
554 2869 734 2910 eamque
772 2857 1012 2900 breviorem
1053 2855 1306 2899 sententiam
1352 2853 1618 2898 efficiendam
1660 2852 1823 2895 ultimis

292 2939 461 2978 tantum
492 2933 553 2976 uti
585 2932 737 2986 voluit,
769 2933 806 2975 ei
840 2931 1079 2976 hexametri
1109 2931 1249 2974 forma
1274 2929 1501 2974 abicienda
1526 2931 1633 2981 erat,
1660 2940 1771 2982 quae
1797 2939 1823 2971 a

294 3011 509 3064 particula
555 3006 638 3048 ἀλλ’
678 3007 826 3061 incipit
872 3013 915 3051 et
950 3022 973 3050 e
1010 3021 1052 3050 v.
1085 3011 1139 3049 95
1178 3019 1260 3049 non
1299 3005 1424 3049 modo
1464 3003 1629 3047 initium
1667 3002 1825 3048 τοιοῦτός
