2098 3406
932 346 981 350 .-
1048 325 1099 364 16
1163 348 1213 351 ---

517 445 676 502 Μήποτε
706 448 870 502 φεύγοντ’
903 447 1026 504 ἄνδρα
1049 447 1106 489 ἐπ’
1140 449 1268 493 ἐλπίδι.
1301 449 1433 506 Κύρνε.
1463 451 1629 507 φῑλήσῃς

515 522 598 563 οὐδὲ
619 525 687 577 γὰρ
718 523 839 563 οἶκαδε
872 522 942 577 βὰς
970 525 1103 578 Thatae
1135 525 1247 571 αὐτὸς
1278 526 1329 566 ἔτι

306 603 555 647 coniunctos
593 617 687 646 esse
720 604 919 648 videatur
964 606 1162 659 opinatus
1211 620 1320 651 esse.
1396 609 1454 652 Et
1500 609 1626 652 habet
1675 609 1835 663 aliquid

308 680 528 730 momenti.v
570 680 683 732 quod
715 679 918 724 librarius
949 682 1107 726 codicis
1139 685 1189 728 O.
1229 696 1323 727 cum
1364 680 1548 737 priorem
1579 686 1717 728 locum
1752 698 1836 728 me-

309 755 446 797 moria
477 758 653 807 teneret,
686 755 912 799 molestam
944 757 1210 801 iterationem
1250 759 1393 802 nescio
1431 772 1485 803 an
1523 761 1718 804 consulto
1750 760 1838 803 evi-

308 829 428 872 tavit.
463 831 530 884 (cs.
565 830 830 874 Studemund
862 845 902 885 p.
931 833 1017 888 36).

424 905 599 958 Anceps
631 910 777 949 autem
810 908 1014 951 iudicium
1046 914 1110 952 est
1141 909 1194 952 de
1218 910 1428 963 versibus,
1455 911 1528 964 qui
1551 916 1647 966 post
1673 925 1838 965 versus,

308 994 414 1033 quos
437 982 562 1024 modo
585 983 882 1036 tractavimus,
905 983 948 1026 in
969 984 1188 1028 codicibus
1217 985 1387 1028 exarati
1417 991 1531 1039 sunt,
1562 999 1712 1030 versus
1744 987 1838 1031 dico

308 1061 390 1099 211
425 1061 468 1100 et
498 1061 598 1111 212,
635 1058 745 1101 infra
778 1062 822 1101 et
851 1058 894 1101 in
922 1059 1155 1103 Mutinensi
1193 1065 1237 1104 et
1266 1061 1310 1104 in
1330 1061 1541 1106 Vaticano
1573 1067 1669 1116 post
1691 1076 1730 1105 v.
1755 1067 1838 1106 508

309 1133 526 1186 repetitos.
589 1133 739 1177 Priore
772 1135 866 1177 loco
898 1148 1050 1178 versus
1082 1136 1143 1179 sic
1176 1137 1393 1191 leguntur:

519 1221 628 1263 Οἷνόν
664 1237 716 1263 τοι
752 1224 862 1263 πίνειν
898 1222 1035 1264 πουλὺν
1071 1226 1184 1265 κακόν
1202 1237 1210 1246 ·
1229 1226 1275 1279 ἢν
1312 1225 1354 1265 δέ
1391 1239 1445 1271 τις
1480 1225 1590 1266 αὐτὸν

518 1300 603 1352 πίνῃ
635 1298 901 1352 ἐπισταμένως,
931 1299 971 1340 οὐ
1002 1302 1128 1345 κακός.
1159 1300 1249 1341 ἀλλ’
1272 1302 1422 1355 ἀγαθός.

308 1399 462 1442 Altero
495 1402 639 1441 autem
670 1399 764 1441 loco
796 1398 878 1442 sic:

519 1481 612 1526 οἶνος
640 1483 827 1534 πενόμενος
857 1481 995 1526 πουλὺς
1023 1483 1136 1522 κακόν
1154 1493 1163 1504 ·
1180 1483 1228 1537 ἢν
1258 1481 1299 1523 δέ
1330 1496 1382 1528 τις
1411 1483 1520 1524 αὐτὸν

517 1558 602 1610 πίνῃ
633 1556 899 1610 §nemausa-m.
930 1557 971 1597 οὐ
1000 1559 1125 1605 κακόν,
1156 1557 1398 1611 ἀλλ’ἀγαῦόν.

426 1657 540 1701 Utra
586 1656 757 1700 distichi
803 1656 941 1699 forma
986 1670 1234 1710 germanam
1282 1658 1486 1710 praebeat
1538 1658 1724 1712 speciem
1770 1659 1843 1702 vix

310 1732 468 1786 poterit
498 1732 738 1776 diiudicari.

427 1809 552 1863 Quod
582 1809 798 1864 Bergkius
821 1822 861 1851 v.
884 1812 967 1852 211
996 1813 1039 1852 et.
1060 1814 1144 1852 212
1176 1823 1199 1852 e
1220 1823 1260 1852 v.
1284 1814 1368 1852 509
1391 1815 1434 1853 et
1455 1814 1540 1852 510
1571 1815 1718 1863 aperte
1749 1823 1843 1853 esse

309 1885 514 1928 distortos
537 1885 665 1929 nullis
698 1885 855 1928 additis
887 1885 1151 1939 argumentis
1182 1885 1432 1939 pronuntiat
1462 1899 1545 1929 non
1576 1885 1841 1938 mirabimur,

310 1961 467 2015 quippe
499 1961 565 2004 cui
598 1973 816 2014 nunquam
838 1974 921 2004 non
942 1974 1095 2005 versus
1117 1961 1255 2004 altero
1287 1963 1380 2005 loco
1408 1962 1590 2005 traditos
1619 1961 1841 2015 pristinam

312 2037 494 2080 retinere
527 2037 715 2091 speciem
745 2050 1001 2091 persuasum
1032 2037 1101 2080 sit.
1154 2038 1219 2080 Ne
1251 2037 1358 2081 illud
1380 2038 1552 2091 quidem
1572 2037 1666 2080 viro
1688 2037 1843 2080 doctis-

310 2114 418 2156 simo
451 2113 768 2156 concedendum
800 2113 882 2156 erit
911 2126 1064 2157 versus
1096 2113 1207 2156 infra
1239 2114 1400 2167 positos
1432 2114 1598 2168 aptiore
1629 2113 1723 2156 loco
1755 2125 1844 2156 ser-

312 2193 438 2232 vatos
470 2201 577 2231 esse.
644 2189 781 2232 Immo
828 2189 950 2232 nobis
988 2189 1188 2232 videntur
1233 2190 1314 2233 hoc
1358 2190 1451 2232 loco
1497 2188 1632 2232 additi
1679 2201 1773 2231 esse
1819 2201 1846 2230 a

312 2264 586 2308 diasceuasta
617 2264 817 2317 quodam,
850 2264 936 2317 qui,
968 2264 1042 2308 ubi
1075 2265 1199 2308 multi
1226 2265 1280 2308 ad
1309 2265 1455 2308 vinum
1482 2263 1844 2317 vinolentiamque
1880 2268 1882 2271 ’

314 2341 574 2395 pertinentes
597 2353 748 2384 versus
775 2341 818 2383 in
847 2340 1144 2395 Theognideis»
1161 2341 1373 2395 leguntur,
1406 2340 1650 2384 continuum
1679 2343 1844 2382 senten-

312 2417 469 2460 tiarum
504 2429 659 2459 nexum
691 2415 920 2460 restituens
953 2429 1004 2459 ne
1035 2417 1116 2460 hoc
1147 2417 1317 2470 quidem
1339 2415 1520 2459 disticho
1543 2427 1689 2458 carere
1711 2414 1848 2458 voluit

313 2497 358 2536 et
388 2496 435 2535 ut
466 2492 700 2536 sententiae
733 2496 1032 2547 argumentum
1066 2496 1310 2546 augeretur,
1342 2490 1563 2534 exordium
1586 2490 1755 2533 distichi
1785 2490 1847 2533 ita

314 2567 575 2619 immutavit,
615 2572 663 2611 ut
700 2567 865 2620 vinum,
897 2567 949 2610 de
981 2580 1064 2621 quo
1096 2566 1258 2622 agitur,
1291 2567 1412 2609 fieret
1442 2565 1683 2610 subiectum
1716 2578 1846 2608 enun-

313 2644 423 2687 tiati.
485 2644 536 2686 cf.
571 2657 610 2687 v.
643 2647 724 2686 261
759 2642 799 2683 οὔ
830 2658 887 2697 μω.
917 2645 1053 2684 πίνεται
1083 2643 1186 2688 οἶνος.

431 2725 559 2769 Certe
591 2726 632 2768 in
664 2738 808 2769 errore
840 2729 1087 2778 versantur,
1120 2724 1191 2777 qui
1228 2727 1403 2778 propter
1433 2723 1691 2777 particulam
1722 2736 1773 2763 τοι
1803 2720 1845 2763 in

315 2800 491 2843 exordio
530 2814 568 2843 v.
602 2805 683 2843 211
726 2801 912 2855 positam
959 2800 1040 2843 sibi
1089 2799 1262 2844 odorari
1299 2798 1498 2843 videntur
1535 2810 1630 2841 eam
1675 2795 1846 2840 distichi

316 2877 496 2919 sormam
518 2889 600 2918 non
623 2890 717 2920 esse
738 2877 981 2932 genuinam.
1029 2878 1138 2919 Cum
1170 2887 1304 2928 neque
1339 2874 1464 2918 huius
1485 2873 1690 2927 temporis
1711 2883 1847 2925 neque

318 2951 442 2996 huius
464 2952 546 2995 loci
567 2951 623 2995 sit
648 2956 784 2995 totam
812 2951 1119 3005 quaestionem,
1141 2963 1252 3004 quae
1274 2954 1341 2994 est
1361 2950 1413 2994 de
1435 2962 1515 2994 usu
1538 2947 1776 3003 particulae
1796 2960 1848 2987 τοι

315 3027 430 3081 apud
463 3031 613 3080 poetas
645 3027 876 3080 gnomicos,
910 3027 1150 3077 absolvere,
1183 3027 1263 3070 hoc
1286 3037 1535 3079 possumum
1557 3023 1689 3067 libere
1721 3020 1847 3075 profi-
