2098 3406
924 320 1211 361 ...30—

299 456 434 497 neque
466 444 643 488 dubium
676 449 754 497 est,
787 443 889 497 quin
909 444 1023 490 λώῖοε
1051 445 1204 498 forma,
1235 457 1365 498 quam
1396 446 1652 490 testificatur
1669 447 1832 493 Arcad.

299 519 350 562 de
373 531 462 562 acc.
485 524 555 572 41,
589 520 670 563 etsi
700 518 912 573 positivus
939 522 1018 572 est,
1050 524 1094 563 et
1124 521 1281 563 bonum
1303 524 1347 564 et
1365 521 1586 565 meliorem
1607 522 1832 577 significet.

296 595 409 637 Nam
441 595 638 647 quamvis
669 595 724 638 G.
755 595 932 649 Meyero
964 594 1159 650 (Griech.
1193 596 1436 639 Grammat.
1468 609 1509 651 p.
1542 599 1646 652 367)
1682 610 1834 643 conce·

296 669 481 712 dendum
512 670 570 713 sit
599 670 641 712 in
662 669 782 714 vocis
811 670 930 714 illius
962 671 1171 726 originem
1202 671 1390 715 nondum
1421 671 1528 715 satis
1556 676 1672 716 certe
1692 672 1831 726 inqui·

297 745 426 788 situm
449 758 557 798 esse,
585 749 731 788 tamen
750 745 794 788 in
815 745 944 790 huius
963 746 1138 800 positivi
1166 746 1306 790 forma
1326 747 1668 803 comparativam
1688 747 1831 792 inesse

295 820 382 862 vim
413 833 497 863 non
528 820 668 863 minus
699 824 863 864 certum
897 825 963 864 est
989 833 1120 874 quam
1147 821 1191 865 in
1211 821 1361 865 formis
1381 822 1504 879 χέρηϊ,
1523 822 1658 879 χέρηα,
1679 824 1831 880 χέρηες,

294 896 434 951 χέρηα,
478 908 587 948 quas
624 908 719 940 esse
755 908 882 940 casus
919 897 1093 950 positivi
1131 897 1314 941 obsoleti
1356 897 1476 954 χέρης
1514 898 1643 943 facile
1690 899 1830 954 suspi-

295 971 434 1014 θθήε.1
480 971 578 1011 λώῑα
597 971 730 1026 igitur
752 976 819 1015 est
848 972 1138 1015 nominativus
1168 972 1350 1026 pluralis
1381 973 1523 1016 neutri
1552 974 1723 1028 generis
1754 975 1830 1020 ad·

295 1046 438 1090 iectivi
474 1046 600 1096 λώῐος,
645 1060 730 1090 non
775 1047 915 1090 forma
959 1060 1038 1101 per
1083 1060 1319 1103 syncopam
1366 1061 1421 1092 ex
1456 1049 1596 1089 λωΐονα
1627 1053 1736 1104 orta,
1781 1055 1832 1094 ut

294 1123 472 1165 Passow
492 1122 537 1165 in
558 1122 706 1176 quinta
735 1123 863 1166 lexici
889 1123 1074 1167 editione
1098 1136 1195 1167 eam
1222 1125 1318 1168 vult
1339 1124 1489 1178 accipi,
1521 1125 1654 1168 habet
1684 1129 1829 1169 autem

294 1198 576 1252 comparativi
613 1198 715 1241 vim.
776 1199 902 1253 Quod
945 1199 1010 1242 ita
1049 1211 1098 1243 se
1140 1199 1302 1243 habere
1349 1212 1446 1243 cum
1491 1200 1713 1255 ignoraret
1756 1201 1829 1254 qui

293 1286 446 1317 versus
467 1273 616 1316 iterari
637 1273 787 1327 voluit,
819 1286 897 1327 pro
919 1273 1099 1318 arbitrio
1131 1274 1245 1327 quod
1271 1287 1358 1319 non
1385 1279 1562 1330 ceperat
1587 1276 1828 1320 correxisse

293 1355 553 1402 poetamque
591 1349 900 1404 elegantiorem
937 1349 1179 1393 reddidisse
1215 1349 1297 1393 sibi
1334 1350 1455 1394 visus
1493 1354 1560 1394 est
1601 1351 1826 1395 scribendo

291 1425 402 1465 λώϊον
423 1425 512 1479 ἤδη,
544 1437 626 1477 quo
648 1425 809 1467 factum
833 1428 912 1478 cst,
942 1429 992 1468 ut
1017 1429 1148 1479 poeta
1167 1438 1252 1469 non
1272 1426 1398 1469 modo
1429 1425 1603 1480 proprio
1626 1426 1827 1470 adiectivi

291 1500 404 1545 λώῑος
439 1513 521 1543 usu
556 1500 821 1554 privaretur,
860 1500 937 1543 sed
977 1500 1108 1544 etiam
1143 1501 1280 1544 verba
1315 1501 1363 1556 δὴ
1398 1505 1461 1541 νῦν
1497 1501 1691 1545 consulto
1728 1514 1827 1545 con-

290 1576 423 1619 trarie
470 1576 546 1629 eis,
594 1588 705 1630 quae
752 1579 1092 1630 antecesserant,
1138 1575 1200 1616 καὶ
1244 1577 1404 1634 πρόσθεν
1449 1577 1591 1620 relata
1635 1577 1827 1621 fimditus

293 1652 552 1695 delerentur.
603 1652 700 1694 Has
721 1651 959 1704 particulas
991 1651 1037 1706 δὴ
1059 1655 1121 1691 νῦν
1143 1651 1365 1706 oppositas
1395 1651 1638 1706 particulae
1667 1652 1827 1708 πρόσθεν

290 1727 403 1770 infra
438 1739 608 1780 quoque
644 1726 687 1769 in
723 1740 764 1770 v.
807 1730 1104 1771 1095—1096
1141 1727 1394 1782 reperimus.
1457 1727 1558 1771 Noli
1595 1727 1721 1771 sodes
1757 1741 1827 1772 me

291 1803 550 1856 vituperare,
583 1802 697 1856 quod
729 1803 907 1857 Tyrtaei
938 1804 1101 1857 locum,
1139 1815 1223 1857 quo
1259 1802 1363 1846 item
1399 1815 1503 1846 rara
1542 1803 1827 1857 comparativi

291 1879 429 1921 forma
461 1891 487 1921 a
506 1878 696 1921 librariis
728 1879 911 1932 expulsa
942 1883 1020 1933 est,
1053 1878 1201 1922 affero.
1256 1879 1309 1922 In
1338 1878 1515 1934 Tyrtaei
1546 1879 1625 1933 frg.
1661 1882 1713 1922 12
1734 1892 1775 1922 v.
1799 1882 1825 1920 6

635 1966 809 2020 πλουτοίη
840 1964 882 2006 δὲ
912 1965 1045 2006 Μίδεω
1075 1965 1137 2006 καὶ
1167 1964 1335 2022 Κινὺρεω
1367 1966 1498 2020 μάλιον

290 2066 368 2106 pro
401 2053 687 2106 compprativi
718 2054 858 2096 forma
889 2053 1021 2107 μάλιον
1053 2053 1108 2096 ab
1138 2052 1359 2107 Hesychio
1392 2056 1436 2096 et
1465 2052 1677 2097 Choerob.
1701 2052 1824 2097 Orth.

289 2142 330 2181 p.
354 2132 438 2171 248
469 2129 724 2172 confirmata
755 2129 892 2172 codex
922 2130 957 2170 A
989 2129 1147 2182 μᾶλλον,
1179 2127 1211 2168 Β
1238 2129 1350 2169 πλέον
1383 2128 1568 2172 exhibet.
1628 2128 1823 2172 Eandem

290 2208 434 2247 autem
474 2204 758 2258 comparativi
789 2205 973 2247 formam
1005 2203 1245 2258 Theognidi
1287 2216 1389 2247 num
1431 2207 1548 2247 recte
1585 2204 1826 2247 restituerit

288 2281 339 2323 R.
362 2280 668 2334 Peppmueller
696 2294 738 2334 p.
772 2284 797 2323 3
829 2279 1202 2323 Exercitationum
1233 2279 1480 2323 criticarum
1513 2280 1681 2336 (Progr.
1704 2293 1824 2335 gym—
1888 2275 1890 2277 ’

289 2356 399 2399 nasii
432 2356 683 2400 Seehausen
712 2356 740 2399 i.
762 2356 899 2399 Altm.
926 2357 1055 2411 1887)
1085 2356 1215 2399 valde
1246 2355 1407 2399 dubito.
1454 2355 1504 2398 In
1525 2368 1567 2398 v.
1594 2359 1824 2398 173-—174

570 2443 670 2499 ἄνδρ’
704 2443 843 2497 ἀγαθὸν
873 2444 977 2498 πενίη
1008 2447 1156 2484 πάντων
1186 2442 1354 2497 δάμνησν
1384 2442 1547 2496 μάλιστα

568 2518 630 2558 παὶ
660 2522 786 2575 γήρως
816 2519 955 2567 πολιοῦ,
985 2517 1120 2575 Κύρνε,
1150 2517 1211 2558 καὶ
1240 2517 1399 2572 ἠπιάλου

291 2606 433 2649 omnia
478 2610 595 2650 recte
631 2618 677 2648 se
715 2606 892 2659 habent,
930 2618 1067 2659 neque
1104 2617 1201 2649 cum
1237 2603 1536 2648 Heimsoethio
1582 2617 1661 2659 pro
1700 2604 1825 2646 πολιοῦ

290 2683 413 2722 πλεῖον
443 2694 581 2735 neque
613 2695 710 2724 cum
740 2681 1072 2735 Peppmuellero
1105 2681 1235 2734 μάλιον
1265 2679 1396 2723 scribi
1427 2692 1535 2733 opus
1567 2683 1644 2723 est.

290 2798 389 2831 ganz
406 2786 700 2830 unbegreissich,
719 2786 786 2820 sed
804 2786 844 2819 in
863 2786 1109 2820 adnotatione
1124 2785 1266 2819 indicis
1283 2784 1492 2819 verborum
1507 2795 1546 2828 p.
1564 2786 1632 2819 306
1657 2785 1824 2819 addidit:

289 2846 368 2880 Der
392 2845 541 2879 Positiv
567 2843 643 2890 λῷα
669 2845 770 2878 steht
795 2844 855 2879 bei
875 2844 1071 2888 Theognis
1088 2845 1132 2877 96
1158 2843 1339 2877 wirklich
1365 2852 1487 2887 eoque
1511 2842 1700 2876 iudicium
1724 2842 1825 2876 iuud

291 2903 582 2947 gravissimum,
628 2903 730 2946 quod
775 2903 823 2936 de
867 2901 994 2936 verbis
1037 2899 1124 2934 πολὺ
1167 2901 1254 2934 auita
1299 2901 1456 2942 tulerat,
1494 2900 1579 2944 ipse
1618 2900 1824 2935 sustulisse

291 2962 454 2996 videtur.

387 3025 398 3049 ¹
425 3025 472 3059 ef.
498 3023 655 3060 Lobeck
672 3024 824 3058 Pathol.
843 3024 901 3058 El.
920 3024 950 3065 Ι,
969 3025 1036 3057 377
1062 3027 1099 3058 et
1123 3023 1335 3066 Bergkium
1361 3023 1409 3056 ad
1434 3033 1470 3056 v.
1489 3023 1567 3056 853.
