2098 3406
913 305 1206 344 ...27-

276 435 585 490 Theognideae
614 433 782 477 directa
811 436 914 477 sunt
944 444 1077 486 quam
1098 432 1243 486 τολμᾶν
1264 434 1354 489 χρὴ,
1387 442 1500 485 quae
1520 430 1660 473 verba
1682 433 1726 474 et
1745 429 1845 484 ipsa

277 512 323 555 in
354 511 477 556 initio
508 525 551 555 v.
584 514 668 554 591

557 600 700 655 τολμᾶν
730 602 822 657 χρή,
852 600 900 640 τά
929 597 1065 640 διδοῦσι
1095 598 1176 639 θεοὶ
1206 598 1373 653 θνητοῖσι
1406 596 1583 654 βροτοῖσιν

277 686 527 728 occurrunt.

396 766 548 809 Verba
578 769 727 809 autem
761 765 799 806 ἐν
835 765 966 821 ἄλγεσι
996 766 1164 819 κείμενον
1196 763 1314 821 ἄνδρα
1345 764 1483 807 multo
1515 766 1745 818 praestare
1767 762 1844 814 eis,

274 854 392 897 quae
421 842 467 885 in
497 842 729 886 iteratione
760 846 862 887 sunt
891 842 983 899 ἦτορ
1012 842 1148 899 ἔχοντα
1175 854 1325 885 omnes
1353 853 1439 884 uno
1468 854 1543 884 ore
1572 840 1847 885 consentiunt

278 922 457 974 praeter
487 919 721 964 Sitzlerum
760 920 902 975 (Neue
932 918 1149 973 Philolog.
1181 918 1450 962 Rundschau
1486 921 1616 971 1886,
1649 932 1691 973 p.
1725 918 1843 973 242).

279 996 367 1042 Sed
398 997 601 1051 exempla
633 997 689 1040 ab
712 1009 763 1040 eo
786 997 925 1040 allata
956 1008 1094 1050 neque
1126 995 1171 1038 in
1202 996 1318 1038 hunc
1348 996 1493 1038 locum
1525 995 1746 1049 quadrant
1773 1007 1848 1038 ne·

275 1086 362 1127 que
395 1073 458 1118 eis
490 1074 804 1128 comprobatur
831 1073 926 1130 ἦτορ
948 1073 1048 1130 ἔχειν
1081 1072 1167 1116 dici
1198 1071 1407 1127 potuisse.
1457 1072 1542 1128 Qui
1574 1073 1741 1116 factum
1774 1071 1845 1126 sit,

277 1155 330 1195 ut
373 1151 466 1208 ἦτορ
508 1151 644 1208 ἔχοντα
686 1177 741 1182 -
784 1151 838 1194 de
884 1150 1070 1194 lectione
1118 1149 1279 1193 codicis
1322 1150 1361 1194 O
1407 1149 1554 1193 verbis
1601 1163 1688 1193 non
1739 1162 1850 1203 opus

278 1232 348 1272 est
383 1253 439 1259 —
477 1228 594 1282 quod
631 1227 754 1271 nihili
794 1231 882 1281 est,
920 1227 965 1271 in
1002 1227 1308 1271 hexametrum
1340 1227 1583 1281 posteriore
1616 1227 1711 1270 loco
1743 1227 1850 1269 irre·

280 1309 423 1360 peret,
454 1305 702 1360 explicandi
738 1306 906 1349 multae
938 1310 1120 1360 possunt
1151 1304 1395 1359 excogitari
1424 1304 1544 1357 viae;
1584 1304 1636 1348 cf.
1671 1303 1849 1349 Schnei-

277 1383 423 1426 dewin
453 1397 496 1438 p.
529 1386 599 1426 21.

395 1466 428 1510 J
430 1478 503 1509 am
539 1468 867 1520 perscrutemur
897 1477 973 1508 eos
1003 1477 1178 1519 versus,
1219 1477 1327 1519 quos
1367 1464 1669 1510 Schneidewin
1707 1464 1848 1518 primo

279 1544 376 1587 loco
414 1557 456 1598 p.
496 1546 554 1586 20
590 1543 819 1596 tractavit,
862 1555 903 1585 v.
945 1545 1212 1596 571—572,
1254 1542 1330 1596 qui
1365 1542 1481 1585 infra
1518 1548 1616 1596 post
1652 1555 1693 1584 v.
1736 1544 1851 1584 1104

277 1620 498 1675 leguntur.

499 1707 604 1762 Δόξα
634 1714 704 1769 μὲν
735 1715 965 1771 ἀνθρώποισι
994 1714 1110 1755 κακὸν
1141 1714 1250 1769 μέγα,
1281 1719 1391 1770 πεῖρα
1421 1714 1608 1771 δ’ᾶριστον

495 1791 628 1832 πολλοὶ
659 1792 848 1848 ἀπείρηται
880 1783 996 1839 δόξαν
1028 1791 1155 1848 ἐχουσ’
1190 1792 1357 1846 ἀγαθῶν.

400 1899 536 1953 Infra,
568 1898 643 1942 ubi
665 1899 782 1943 idem
804 1898 1022 1943 distichon
1043 1899 1277 1954 repetitum
1303 1898 1564 1952 invenimus,
1593 1899 1851 1941 hexameter

279 1988 367 2019 non
413 1979 481 2019 est
525 1976 746 2029 variatus,
783 1975 827 2019 in
870 1978 1142 2030 pentametro
1179 1975 1225 2019 A
1262 1975 1396 2019 habet
1428 1975 1574 2030 ἀγαθοί,
1620 1975 1665 2018 in
1696 1975 1734 2020 O
1767 1988 1853 2018 non

282 2053 445 2109 ἀγαθὴν,
483 2053 561 2097 sed
600 2053 900 2098 Studemundo
945 2056 1058 2097 teste
1096 2054 1251 2108 ἀγαθῶν
1298 2065 1430 2107 quam
1469 2052 1604 2107 ἀγαθῶ
1642 2053 1852 2107 scriptum

278 2143 378 2175 esse
408 2132 543 2185 paulo
575 2130 850 2185 probabilius
882 2135 963 2174 est.
1016 2131 1103 2186 Qui
1123 2143 1280 2175 versus
1313 2131 1351 2174 si
1381 2130 1529 2185 priore
1559 2133 1733 2174 tantum
1755 2131 1851 2174 loco

280 2207 447 2252 servati
486 2211 650 2262 essent,
688 2207 796 2251 nihil
835 2208 1040 2261 cuiquam
1083 2207 1309 2252 offensioni
1352 2208 1548 2251 futurum
1592 2207 1728 2251 fuisse
1771 2220 1851 2262 pro

281 2289 402 2329 certo
435 2286 770 2339 affirmaverim3
802 2297 992 2339 namque
1024 2285 1163 2329 verba
1191 2284 1238 2329 in
1268 2285 1313 2329 A
1334 2288 1378 2329 et
1399 2286 1437 2330 O
1470 2284 1568 2339 pari
1600 2284 1730 2328 modo
1762 2289 1852 2328 tra-

281 2362 376 2406 dita
406 2376 492 2407 non
523 2364 652 2407 modo
684 2375 816 2407 sensu
856 2375 942 2406 non
979 2366 1148 2416 carent,
1187 2363 1265 2407 sed
1303 2362 1565 2407 sententiam
1604 2362 1855 2417 exprimunt

281 2440 516 2484 rotundam
548 2444 680 2495 atque
712 2440 930 2495 integram
952 2452 1092 2493 neque
1114 2452 1142 2483 a
1163 2440 1429 2495 Theognidis
1450 2439 1624 2495 ingenio
1647 2439 1852 2483 alienam.

280 2517 556 2562 Scheidewin
594 2518 675 2562 etsi
714 2518 767 2562 de
810 2517 1012 2561 loctionis
1050 2517 1263 2561 varietate
1315 2530 1478 2572 anceps
1511 2530 1608 2561 esse
1645 2516 1853 2560 indicium

285 2595 502 2649 concedit,
538 2599 687 2639 tamen
717 2595 763 2639 in
796 2608 948 2638 eorum
979 2607 1160 2638 numero
1192 2594 1369 2638 videtur
1405 2606 1522 2647 esse,
1562 2593 1635 2647 qui
1668 2594 1853 2636 alteram

280 2671 466 2715 ultimae
511 2671 686 2716 distichi
732 2673 855 2717 vocis
908 2673 1138 2716 lectionem
1194 2673 1461 2727 praeferant.
1538 2671 1705 2715 Iniuria
1756 2683 1853 2714 meo

282 2747 460 2801 quidem
490 2748 663 2802 indicio,
696 2762 799 2793 nam
831 2749 1033 2804 quamvis
1065 2753 1235 2793 constet
1267 2749 1566 2804 Theognidem
1603 2749 1852 2792 homoeote-

282 2825 406 2868 leuta
442 2825 695 2880 adamasse,
734 2830 882 2870 tamen
920 2839 1005 2870 non
1050 2829 1116 2870 est
1155 2826 1473 2881 neglegendum
1511 2826 1667 2881 ἀγαθῶν
1714 2825 1852 2868 multo

283 2901 440 2945 melius
470 2902 682 2946 traditum
714 2915 810 2946 esse
841 2903 1151 2957 melioremque
1183 2903 1267 2947 hac
1298 2903 1482 2947 lectione
1529 2907 1710 2947 servata
1758 2901 1853 2945 erui

283 2978 561 3023 sententiam.
619 2979 747 3034 Quod
780 2979 1084 3023 Schneidewin
1115 2979 1333 3023 distichon
1364 2983 1466 3034 post
1495 2992 1536 3023 v.
1575 2982 1689 3023 1104
1719 2979 1852 3023 collo-

284 3058 434 3098 catum
466 3055 629 3110 optime
661 3068 900 3110 congruere
932 3068 1031 3099 cum
1062 3056 1308 3110 insequenti
1339 3056 1578 3100 contendit:
