2098 3406
925 301 1180 337 -g—.

290 426 382 467 iure
413 425 496 468 dici
527 430 681 479 potest.
743 426 852 467 Cum
885 424 968 468 duo
1000 425 1186 468 disticha
1216 430 1260 467 et
1290 436 1423 478 supra
1452 430 1497 468 et
1524 425 1638 469 infra
1668 439 1715 470 se
1746 440 1818 470 cx·

289 500 463 552 cipiant,
494 513 578 543 non
610 501 791 543 multum
823 499 956 542 habet
991 500 1310 552 probabilitatis
1356 501 1612 553 pentametri
1658 501 1817 546 discre-

289 575 482 627 pantiam
513 575 708 628 pluribus
739 573 934 618 distichis
965 575 1171 618 coartatis
1203 579 1342 617 ortam
1382 587 1489 619 esse.
1566 576 1688 630 Quae
1718 589 1814 620 cum

288 650 350 693 ita
378 650 476 702 sint,
508 651 648 693 facere
678 661 761 692 non
793 662 1020 702 possumus
1066 650 1168 702 quin
1213 654 1456 694 statuamus
1502 656 1816 705 pentametrum

290 726 559 768 immutatum
589 724 788 768 variandi
818 725 1002 779 pruritui
1035 725 1194 768 deberi.
1270 726 1420 779 Neque
1451 739 1554 770 vero
1590 740 1687 771 cum
1717 728 1817 771 Jor-

288 801 398 843 dano
435 804 636 853 putamus
682 801 959 851 vocabulum,
1005 801 1118 853 quod
1165 805 1230 844 est
1276 801 1479 858 εὐθυντήρ,
1521 815 1666 846 rarum
1711 804 1816 847 illud

287 876 471 927 quidem,
503 887 653 918 verum
685 876 858 919 minime
890 880 1137 929 suspectum
1169 888 1318 920 ansam
1342 878 1539 922 variandi
1561 880 1814 932 pentametri

286 951 549 1003 praebuisse.
626 952 710 1005 Qui
749 952 1057 994 sententiarum
1099 965 1264 996 conexu
1300 965 1384 996 non
1421 954 1548 1007 plane
1594 963 1816 1008 perspecto

284 1027 346 1069 ita
376 1031 426 1070 ut
469 1028 719 1070 hexametro
766 1028 897 1071 alium
945 1032 1259 1081 pentametrum
1305 1029 1551 1083 adaptaret,
1597 1031 1814 1074 meliorem

285 1115 456 1145 sensum
490 1103 680 1147 effecisse
713 1104 795 1147 sibi
826 1104 1068 1157 videbatur,
1115 1104 1158 1147 in
1189 1105 1329 1158 scirpo
1361 1105 1519 1148 nodum
1549 1107 1817 1159 quaesivisse

283 1179 537 1222 iudicandus
575 1184 652 1222 est.
713 1180 866 1233 Neque
903 1179 1155 1234 persuaderi
1191 1180 1314 1223 nobis
1359 1181 1516 1234 poterit
1553 1182 1651 1226 ἐασι.
1687 1194 1814 1234 quam

284 1254 466 1296 sormam
498 1254 627 1298 etiam
660 1254 703 1297 in
734 1268 774 1297 v.
795 1259 877 1298 623
911 1255 1051 1298 redire
1083 1255 1254 1310 Ziegler
1275 1261 1391 1299 recte
1415 1262 1566 1300 contra
1587 1258 1815 1300 Schneide-

284 1329 368 1372 win
419 1334 587 1383 monet,
633 1330 807 1373 lectioni
859 1328 911 1371 ἔθ’
960 1331 1032 1371 οἶδε
1086 1335 1334 1384 praestare,
1388 1344 1516 1385 quam
1570 1333 1714 1376 versui
1758 1337 1815 1375 40

284 1405 478 1458 apprime
509 1405 833 1448 accomodatam
865 1418 960 1450 esse
992 1419 1160 1460 censeo,
1206 1407 1383 1450 verbum
1428 1411 1571 1451 autem
1617 1409 1815 1452 substan-

282 1480 417 1523 tivum
451 1480 620 1523 omnino
652 1494 735 1524 non
768 1481 1075 1524 desideramus.

401 1557 622 1610 Sequitur,
660 1560 709 1599 ut
739 1556 791 1600 de
823 1557 1020 1600 versibus
1053 1561 1238 1611 57—60,
1285 1558 1358 1610 qui
1389 1559 1571 1602 multum
1603 1559 1816 1602 immutati

283 1645 452 1686 unoque
498 1632 679 1676 disticho
726 1635 826 1686 post
855 1646 895 1674 v.
929 1636 984 1674 58
1032 1633 1148 1676 aucti
1186 1637 1283 1687 post
1321 1647 1361 1676 v.
1398 1637 1506 1676 1107
1540 1638 1584 1677 et
1619 1638 1742 1688 1108,
1774 1643 1817 1678 et

282 1709 399 1761 ipsos
445 1712 545 1761 post
589 1721 630 1750 v.
682 1711 791 1750 1318
838 1708 1086 1762 appendicis
1139 1709 1338 1763 iteratos,
1391 1714 1662 1764 repetuntur,
1715 1710 1814 1764 quid

282 1784 464 1827 sentiam
495 1784 626 1837 paulo
658 1783 874 1838 copiosius
906 1783 1060 1827 dicam.
1122 1785 1353 1838 Superiore
1389 1785 1482 1828 loco
1514 1786 1584 1828 hic
1615 1790 1682 1830 est
1712 1786 1815 1829 ordo

280 1872 499 1912 versuum,
531 1859 584 1902 de
615 1859 770 1913 quibus
801 1860 987 1914 agimus:

439 1960 480 1990 V.
504 1950 559 1989 53
590 1945 726 2002 Κύρνε,
756 1947 862 1992 πόλις
891 1946 959 2000 μὲν
991 1945 1042 1988 ἔθ’
1066 1947 1135 2002 ἥδε
1165 1948 1282 1996 πόλις,
1312 1948 1396 1988 λαοὶ
1426 1948 1467 1990 ’δὲ
1497 1949 1543 2007 δῇ
1576 1949 1684 1990 ἄλλοι

591 2015 622 2056 οἳ
652 2014 776 2072 πρόσθ’
811 2017 893 2057 οὔτε
923 2016 1028 2062 δίκας
1056 2017 1195 2070 ᾔδεσαν
1226 2018 1309 2058 οὔτε
1339 2020 1483 2072 νόμους.

595 2083 678 2127 ἀλλ’
713 2086 805 2142 ἀμφὶ
835 2086 1016 2143 πλευρῇσι
1047 2087 1158 2143 δορᾶς
1188 2089 1299 2142 αἰγῶν
1329 2087 1554 2144 κατέτριβον,

595 2147 673 2203 ἔξω
704 2153 819 2197 δ’ὥστ
854 2156 984 2212 ἔλαφοι
1015 2156 1117 2212 τῆςδ’
1152 2156 1322 2210 ἐνέμοντο
1351 2157 1485 2203 πολεος

506 2240 559 2279 57
592 2237 653 2277 καὶ
682 2240 745 2277 νῦν
777 2234 838 2278 εἶσ’
869 2238 1012 2292 ἀγαθοί,
1043 2236 1276 2293 Πολυπαΐδη,
1308 2239 1339 2279 οἱ
1368 2237 1410 2279 δὲ
1440 2238 1519 2294 πρὶν
1551 2238 1678 2279 ἐσθλοὶ

593 2309 656 2347 νῦν
686 2306 801 2347 δειλο·
833 2308 887 2352 τίς
916 2322 979 2348 κεν
1009 2305 1106 2348 ταῦτ’
1140 2305 1291 2364 ἀνέχοιτ’
1327 2307 1484 2363 ἐσορῶ-ας

596 2376 792 2432 ἀλλήλους
822 2374 1042 2418 δ’ἀπατῶσιν
1075 2377 1132 2418 ἐπ’
1165 2377 1362 2433 ἀλλήλοισι
1393 2377 1578 2431 γελῶντες

596 2446 678 2487 οὔτε
708 2449 834 2486 κακῶν
864 2447 1015 2501 γνώμας
1046 2446 1182 2493 εἰδότες
1210 2447 1285 2488 οὔτ’
1319 2447 1482 2501 ἀγαθῶν.

400 2541 448 2582 In
481 2539 679 2583 versibus
711 2540 1003 2583 exscribendis
1033 2540 1271 2595 Bergkium
1308 2540 1444 2583 secuti
1475 2529 1710 2584 diiudicare
1741 2554 1814 2584 no·

282 2615 445 2667 lumus‚
482 2619 627 2658 utrum
673 2619 866 2669 praestet
911 2628 1008 2658 cum
1050 2616 1251 2659 Bekkero
1298 2619 1396 2668 post
1432 2628 1472 2658 v.
1505 2619 1560 2658 53
1600 2615 1815 2672 ὑτοστιγμὴν

283 2695 327 2733 et
371 2695 469 2743 post
514 2705 555 2734 v.
589 2694 643 2734 56
675 2691 794 2745 μέσην
825 2691 978 2745 στιγμὴν
1008 2703 1186 2746 ponere,
1233 2702 1287 2733 an
1333 2690 1396 2734 ita
1440 2690 1721 2746 distinguere,
1767 2697 1817 2735 ut

283 2766 426 2819 priore
457 2767 550 2809 loco
582 2767 680 2821 μέση
711 2770 857 2822 στιγμή,
888 2767 1046 2819 altero,
1077 2766 1151 2809 ubi
1181 2765 1352 2811 ἀπόδοσις
1386 2765 1582 2819 incipiat,
1614 2765 1813 2821 ἁκοστιγμὴ

283 2846 480 2895 ponatur.
526 2841 834 2896 Quodcumque
855 2842 1007 2886 feceris
1028 2841 1270 2895 arbitrium,
1287 2841 1413 2886 facile
1434 2842 1642 2885 concedes
1662 2853 1814 2886 versus

283 2919 470 2970 57—-60,
508 2916 561 2959 de
598 2916 754 2969 quibus
792 2917 948 2971 agitur,
985 2916 1214 2961 artissimis
1245 2917 1428 2961 vinculis
1465 2929 1565 2960 cum
1598 2916 1813 2971 prioribus

282 2991 531 3034 coniunctos
578 3004 655 3035 suo
702 2997 818 3036 stare
869 2994 964 3036 loco
1015 2992 1309 3046 imprimisque
1355 2993 1491 3037 verba
1533 2992 1594 3032 καὶ
1637 2996 1700 3033 νῦν
1746 2994 1812 3034 εἶπ’
