2098 3406
938 329 1220 369 -25-

310 454 610 508 discrepantiis
647 455 689 497 in
734 453 898 496 ultimis
944 452 1072 497 huius
1118 453 1293 507 eclogae
1322 453 1521 497 versibus
1566 452 1838 497 iudicandum

309 530 379 582 sit,
411 530 539 573 valde
569 530 731 573 dubito.
791 529 987 572 Jordano
1019 529 1076 584 (p.
1113 529 1182 583 14)
1214 529 1251 572 si
1282 528 1387 572 fides
1419 529 1620 572 habenda
1650 531 1728 582 est,
1763 540 1840 582 pro

309 604 350 645 δὲ
381 604 537 648 iterato
568 606 661 648 loco
692 604 735 646 in
765 607 948 658 utroque
979 603 1126 648 codice
1156 618 1197 645 τε
1228 607 1455 647 exaratum
1478 608 1558 658 est,
1589 616 1687 648 cum
1706 604 1841 658 Berg-

309 681 407 723 kius
452 683 633 723 testetur
678 679 808 722 etiam
855 680 997 733 priore
1041 680 1135 723 loco
1180 679 1224 722 in
1269 679 1313 722 A
1343 693 1384 720 τε
1427 680 1526 734 legi.
1605 681 1719 724 Utut
1762 682 1840 731 est,

308 768 538 809 possumus
568 755 612 797 in
642 755 824 798 lectione
855 758 1032 809 recepta
1063 755 1336 809 acquiescere
1367 768 1504 808 neque
1531 768 1639 809 opus
1660 759 1726 798 est
1745 767 1841 798 cum

306 832 503 875 Usenero
534 844 575 884 γε
605 830 748 874 scribi.
810 831 961 884 Neque
993 843 1057 884 eo,
1088 831 1202 884 quod
1233 831 1371 874 altero
1402 831 1496 874 loco
1526 831 1571 874 in
1601 831 1639 876 Ο
1670 830 1838 886 ἐπέρχετ’

306 910 534 949 exaratum
580 909 664 959 est,
711 906 964 960 persuaderi
1014 906 1139 949 nobis
1190 906 1366 960 poterit,
1417 909 1466 950 ut
1516 906 1636 953 δόσεις
1679 911 1841 947 παντοῖαι

309 982 523 1035 pluralem
570 994 668 1025 cum
713 982 769 1024 A.
803 981 991 1025 Oorssen
1037 982 1199 1037 (adnot.
1237 993 1337 1036 pag.
1370 983 1443 1036 33)
1488 981 1533 1025 in
1577 982 1840 1036 singularem

305 1061 533 1110 mutemus,
580 1058 778 1111 quamvis
827 1058 1146 1101 concedendum
1182 1058 1239 1101 sit
1274 1058 1356 1101 hoc
1391 1058 1518 1101 modo
1549 1057 1839 1112 Theognidem

304 1132 482 1176 liberari
512 1134 700 1187 spondeo
739 1134 782 1176 in
828 1138 982 1187 quarto
1028 1134 1138 1187 pede
1183 1137 1284 1177 ante
1329 1145 1554 1177 caesuram
1600 1133 1838 1177 bucolicam

304 1209 458 1262 posite,
505 1221 588 1262 quo
636 1221 784 1252 carere
828 1211 950 1252 solet.
1027 1210 1192 1252 Verum
1239 1209 1457 1252 enimvero
1502 1213 1551 1252 ut
1594 1209 1638 1252 in
1682 1221 1724 1252 v.
1757 1211 1838 1251 367

305 1284 677 1328 ratiocinationem
708 1288 901 1328 nostram
933 1285 1113 1328 metrica
1140 1285 1440 1329 observatione
1461 1297 1545 1328 non
1567 1285 1622 1328 ab
1644 1284 1840 1328 omnibus

302 1360 500 1414 partibus
531 1365 650 1404 certa
681 1361 775 1404 tolli
805 1374 888 1403 non
919 1361 1037 1414 passi
1068 1360 1251 1413 sumus‚¹
1280 1361 1345 1404 ita
1373 1373 1428 1404 ne
1449 1361 1530 1404 hoc
1550 1360 1722 1414 quidem
1743 1361 1837 1403 loco

306 1435 495 1492 ἐπέρχοντ’
542 1437 677 1479 multo
727 1437 882 1480 melius
932 1437 1141 1480 traditum
1193 1436 1325 1480 furcis
1372 1437 1588 1490 expellere
1634 1436 1838 1490 cogimur.

304 1511 428 1566 Quae
459 1525 556 1555 cum
593 1512 656 1555 ita
691 1512 795 1566 sint,
842 1525 993 1556 versus
1038 1512 1182 1566 priore
1228 1513 1322 1555 loco
1368 1515 1567 1556 servatos
1611 1523 1840 1565 germanos

305 1587 664 1631 existimabimus.

421 1663 493 1706 Ad
525 1668 772 1717 sequentem
804 1665 946 1707 locum
976 1666 1165 1707 transeo.
1227 1664 1392 1706 Versus
1423 1666 1654 1706 555—-556

541 1757 616 1814 χρὴ
647 1757 789 1811 τολμᾶν
820 1758 1032 1814 χαλεποῖσιν
1065 1756 1103 1798 ἐν
1135 1757 1263 1813 ἄλγεσι
1293 1757 1458 1811 κείμενον
1489 1757 1605 1814 ἄνδρα

541 1835 632 1890 πρός
660 1848 702 1874 τε
731 1834 832 1874 θεῶν
864 1834 974 1874 αἰτεῖν
1006 1833 1153 1874 ἔκλυσιν
1184 1833 1394 1874 ἀθανάτων.

301 1925 414 1969 infra
444 1929 542 1979 post
571 1939 612 1969 v.
648 1929 759 1969 1178
789 1926 853 1970 ita
883 1926 1099 1970 immutati
1129 1927 1345 1980 leguntur,
1388 1929 1436 1968 ut
1480 1925 1634 1969 melius
1679 1925 1736 1969 sit
1766 1937 1839 1970 eos

299 2005 415 2045 totos
448 2001 647 2046 exscribi.

545 2090 688 2143 τολμᾶν
717 2089 794 2146 χρὴ
825 2089 1040 2145 χαλεποῖσιν
1073 2089 1112 2130 ἐν
1141 2088 1218 2146 (ἐπ’
1252 2087 1306 2145 Ο)
1337 2089 1486 2144 ἄλγεσιν
1514 2088 1606 2145 ἦτορ

723 2158 774 2215 (Β
804 2158 925 2215 ἧπαρ)
956 2159 1090 2215 ἔχοντα

542 2235 632 2292 πρὸς
662 2234 704 2276 δὲ
733 2235 836 2276 θεῶν
865 2234 974 2292 (πρός
1003 2249 1046 2276 τε
1075 2235 1177 2276 θεῶν
1206 2235 1261 2292 δ’)
1291 2235 1402 2276 αἰτεῖν
1438 2234 1586 2276 ἔκλυσιν

722 2306 934 2346 ἀθανάτων.

303 2398 373 2441 Ac
402 2397 617 2451 primunm
649 2398 821 2451 quidem
853 2397 1141 2442 concedamus
1171 2397 1399 2442 diiudicari
1419 2397 1493 2441 vix
1523 2409 1663 2451 posse,
1695 2401 1839 2440 utrum

304 2473 477 2516 distichi
497 2473 722 2517 exordium
744 2474 1073 2527 praeferendum
1095 2474 1164 2527 sit,
1186 2485 1447 2527 quamquam
1468 2485 1551 2516 non
1571 2473 1838 2525 mirabimur,

303 2549 342 2592 si
362 2549 436 2602 qui
456 2549 600 2603 τολμᾶν
619 2549 695 2606 χρὴ
716 2555 890 2603 poetam
912 2549 1138 2603 scripsisse
1158 2549 1242 2592 sibi
1266 2549 1544 2603 persuaserit,
1566 2548 1839 2601 commiserit,

302 2628 352 2667 ut
372 2625 555 2668 eundem
576 2625 772 2679 argutius
794 2630 839 2668 et
858 2625 992 2668 nimia
1011 2637 1138 2668 usum
1159 2624 1382 2668 affectione
1403 2625 1539 2667 verba
1559 2623 1839 2668 collocavisse

302 2703 519 2753 putemus.
581 2700 710 2745 Certe
747 2701 823 2758 χρὴ
860 2701 1003 2754 τολμᾶν
1040 2700 1180 2754 magis
1217 2699 1273 2744 ad
1318 2711 1515 2743 normam
1550 2699 1837 2753 simplicitatis

398 2857 410 2881 ¹
444 2858 490 2892 cl.
522 2858 584 2892 W.
616 2858 762 2892 Kunst:
803 2859 883 2892 Der
912 2858 1144 2892 Hexameter
1179 2857 1248 2891 des
1284 2856 1464 2891 Theoerit
1499 2856 1571 2891 111.
1606 2855 1760 2891 Excurs
1796 2855 1837 2889 in

302 2916 416 2950 tertio
448 2915 524 2950 vol.
556 2916 684 2959 operis
714 2916 946 2951 Rossbachii
981 2918 1018 2951 et
1043 2915 1277 2959 Westphalii
1305 2915 1394 2949 1890
1430 2925 1469 2959 p.
1494 2915 1574 2949 854.
1633 2914 1837 2948 Trotzdem

302 2973 353 3008 ist
378 2973 447 3008 der
464 2973 669 3018 spondeus
686 2984 757 3008 vor
780 2973 851 3009 der
874 2973 1133 3008 bukolischen
1150 2972 1295 3008 Caesur
1319 2972 1418 3008 auch
1442 2972 1529 3007 hier
1552 2971 1659 3007 nicht
1685 2970 1837 3006 iiberall

299 3031 427 3066 durch
454 3031 675 3075 Konjektur
697 3042 747 3066 zu
772 3032 985 3066 entternen.
