<?xml version="1.0" encoding="UTF-8"?>
<!DOCTYPE html PUBLIC "-//W3C//DTD XHTML 1.0 Transitional//EN"
    "http://www.w3.org/TR/xhtml1/DTD/xhtml1-transitional.dtd">
<html xmlns="http://www.w3.org/1999/xhtml" xml:lang="en" lang="en">
 <head>
  <title>
</title>
<meta http-equiv="Content-Type" content="text/html;charset=utf-8" />
  <meta name='ocr-system' content='tesseract 3.04.00' />
  <meta name='ocr-capabilities' content='ocr_page ocr_carea ocr_par ocr_line ocrx_word'/>
</head>
<body>
  <div class='ocr_page' id='page_1' title='image "./deiteratisapudth00schauoft_0044.png"; bbox 0 0 2098 3406; ppageno 0'>
   <div class='ocr_carea' id='block_1_1' title="bbox 940 304 1224 345">
    <p class='ocr_par' dir='ltr' id='par_1_1' title="bbox 940 304 1224 345">
     <span class='ocr_line' id='line_1_1' title="bbox 940 304 1224 345; baseline 0 -14"><span class='ocrx_word' id='word_1_1' title='bbox 940 304 1224 345; x_wconf 44' lang='lat'><strong>*36-</strong></span> 
     </span>
    </p>
   </div>
   <div class='ocr_carea' id='block_1_2' title="bbox 315 430 1848 1307">
    <p class='ocr_par' dir='ltr' id='par_1_2' title="bbox 315 430 1848 1307">
     <span class='ocr_line' id='line_1_2' title="bbox 319 430 1847 485; baseline 0.001 -12"><span class='ocrx_word' id='word_1_2' title='bbox 319 431 479 474; x_wconf 86' lang='lat' dir='ltr'>habere</span> <span class='ocrx_word' id='word_1_3' title='bbox 509 436 647 484; x_wconf 77' lang='lat' dir='ltr'>putat,</span> <span class='ocrx_word' id='word_1_4' title='bbox 679 430 790 483; x_wconf 91' lang='lat' dir='ltr'>quod</span> <span class='ocrx_word' id='word_1_5' title='bbox 823 430 1018 473; x_wconf 83' lang='lat' dir='ltr'>consulto</span> <span class='ocrx_word' id='word_1_6' title='bbox 1050 443 1103 473; x_wconf 84' lang='lat' dir='ltr'>ex</span> <span class='ocrx_word' id='word_1_7' title='bbox 1134 430 1373 473; x_wconf 80' lang='lat' dir='ltr'><strong>hexametri</strong></span> <span class='ocrx_word' id='word_1_8' title='bbox 1404 430 1580 473; x_wconf 79' lang='lat' dir='ltr'>exordio</span> <span class='ocrx_word' id='word_1_9' title='bbox 1612 434 1847 485; x_wconf 87' lang='lat' dir='ltr'>repetatur,</span> 
     </span>
     <span class='ocr_line' id='line_1_3' title="bbox 319 504 1847 563; baseline -0.001 -15"><span class='ocrx_word' id='word_1_10' title='bbox 319 505 422 548; x_wconf 91' lang='lat' dir='ltr'>mihi</span> <span class='ocrx_word' id='word_1_11' title='bbox 454 518 578 549; x_wconf 89' lang='lat' dir='ltr'>secus</span> <span class='ocrx_word' id='word_1_12' title='bbox 610 506 790 548; x_wconf 84' lang='lat' dir='ltr'>videtur.</span> <span class='ocrx_word' id='word_1_13' title='bbox 851 504 946 548; x_wconf 91' lang='lat' dir='ltr'>Nisi</span> <span class='ocrx_word' id='word_1_14' title='bbox 968 506 1176 558; x_wconf 76' lang='lat' dir='ltr'>exemplis</span> <span class='ocrx_word' id='word_1_15' title='bbox 1199 506 1424 558; x_wconf 88' lang='lat' dir='ltr'>probatum</span> <span class='ocrx_word' id='word_1_16' title='bbox 1449 505 1530 548; x_wconf 87' lang='lat' dir='ltr'>erit</span> <span class='ocrx_word' id='word_1_17' title='bbox 1559 506 1664 547; x_wconf 76' lang='grc' dir='ltr'>δειλά</span> <span class='ocrx_word' id='word_1_18' title='bbox 1694 511 1847 563; x_wconf 75' lang='grc' dir='ltr'>πάσχειν</span> 
     </span>
     <span class='ocr_line' id='line_1_4' title="bbox 319 580 1846 635; baseline 0.002 -12"><span class='ocrx_word' id='word_1_19' title='bbox 319 581 402 624; x_wconf 91' lang='lat' dir='ltr'>dici</span> <span class='ocrx_word' id='word_1_20' title='bbox 451 581 661 635; x_wconf 89' lang='lat' dir='ltr'>potuisse,</span> <span class='ocrx_word' id='word_1_21' title='bbox 708 580 827 632; x_wconf 70' lang='grc' dir='ltr'>δεινά,</span> <span class='ocrx_word' id='word_1_22' title='bbox 873 580 986 634; x_wconf 92' lang='lat' dir='ltr'>quod</span> <span class='ocrx_word' id='word_1_23' title='bbox 1037 581 1122 634; x_wconf 86' lang='lat' dir='ltr'>legi</span> <span class='ocrx_word' id='word_1_24' title='bbox 1173 580 1259 623; x_wconf 84' lang='lat' dir='ltr'>iam</span> <span class='ocrx_word' id='word_1_25' title='bbox 1311 581 1589 625; x_wconf 86' lang='lat' dir='ltr'>Camerarius</span> <span class='ocrx_word' id='word_1_26' title='bbox 1636 583 1846 635; x_wconf 85' lang='lat' dir='ltr'>voluerat,</span> 
     </span>
     <span class='ocr_line' id='line_1_5' title="bbox 317 655 1847 701; baseline 0.001 -2"><span class='ocrx_word' id='word_1_27' title='bbox 317 660 433 699; x_wconf 89' lang='lat' dir='ltr'>recte</span> <span class='ocrx_word' id='word_1_28' title='bbox 463 656 505 699; x_wconf 91' lang='lat' dir='ltr'>in</span> <span class='ocrx_word' id='word_1_29' title='bbox 536 655 762 698; x_wconf 71' lang='lat' dir='ltr'>iteratione</span> <span class='ocrx_word' id='word_1_30' title='bbox 792 655 1071 699; x_wconf 86' lang='lat' dir='ltr'>substitutum</span> <span class='ocrx_word' id='word_1_31' title='bbox 1105 670 1199 700; x_wconf 84' lang='lat' dir='ltr'>esse</span> <span class='ocrx_word' id='word_1_32' title='bbox 1230 656 1422 700; x_wconf 86' lang='lat' dir='ltr'>adducar</span> <span class='ocrx_word' id='word_1_33' title='bbox 1452 660 1500 700; x_wconf 92' lang='lat' dir='ltr'>ut</span> <span class='ocrx_word' id='word_1_34' title='bbox 1530 658 1715 701; x_wconf 88' lang='lat' dir='ltr'>credam.</span> <span class='ocrx_word' id='word_1_35' title='bbox 1767 659 1847 701; x_wconf 91' lang='lat' dir='ltr'>Ille</span> 
     </span>
     <span class='ocr_line' id='line_1_6' title="bbox 318 731 1847 787; baseline 0.001 -12"><span class='ocrx_word' id='word_1_36' title='bbox 318 735 476 784; x_wconf 89' lang='lat' dir='ltr'>autem,</span> <span class='ocrx_word' id='word_1_37' title='bbox 508 731 579 784; x_wconf 88' lang='lat' dir='ltr'>qui</span> <span class='ocrx_word' id='word_1_38' title='bbox 611 734 708 784; x_wconf 85' lang='lat' dir='ltr'>post</span> <span class='ocrx_word' id='word_1_39' title='bbox 738 743 910 774; x_wconf 86' lang='lat' dir='ltr'>carmen</span> <span class='ocrx_word' id='word_1_40' title='bbox 942 736 1245 784; x_wconf 86' lang='lat' dir='ltr'>quaternorum</span> <span class='ocrx_word' id='word_1_41' title='bbox 1279 732 1558 776; x_wconf 78' lang='lat' dir='ltr'><strong>distichorum</strong></span> <span class='ocrx_word' id='word_1_42' title='bbox 1580 733 1635 777; x_wconf 90' lang='lat' dir='ltr'>ad</span> <span class='ocrx_word' id='word_1_43' title='bbox 1667 747 1847 787; x_wconf 87' lang='lat' dir='ltr'>puerum</span> 
     </span>
     <span class='ocr_line' id='line_1_7' title="bbox 317 805 1846 862; baseline 0.002 -12"><span class='ocrx_word' id='word_1_44' title='bbox 317 807 522 860; x_wconf 87' lang='lat' dir='ltr'>scriptum</span> <span class='ocrx_word' id='word_1_45' title='bbox 554 805 880 862; x_wconf 84' lang='lat'>(1311—1318)</span> <span class='ocrx_word' id='word_1_46' title='bbox 910 821 1062 851; x_wconf 87' lang='lat' dir='ltr'>versus</span> <span class='ocrx_word' id='word_1_47' title='bbox 1097 811 1402 862; x_wconf 87' lang='lat'>1107—1108,</span> <span class='ocrx_word' id='word_1_48' title='bbox 1448 809 1644 862; x_wconf 85' lang='lat' dir='ltr'>quamvis</span> <span class='ocrx_word' id='word_1_49' title='bbox 1676 809 1846 853; x_wconf 90' lang='lat' dir='ltr'>omnino</span> 
     </span>
     <span class='ocr_line' id='line_1_8' title="bbox 317 882 1846 940; baseline 0.001 -16"><span class='ocrx_word' id='word_1_50' title='bbox 317 895 398 924; x_wconf 92' lang='lat' dir='ltr'>non</span> <span class='ocrx_word' id='word_1_51' title='bbox 430 882 594 935; x_wconf 82' lang='lat' dir='ltr'>spirent</span> <span class='ocrx_word' id='word_1_52' title='bbox 623 895 810 936; x_wconf 86' lang='lat' dir='ltr'>amores,</span> <span class='ocrx_word' id='word_1_53' title='bbox 856 882 1048 936; x_wconf 80' lang='lat' dir='ltr'>iteravit,</span> <span class='ocrx_word' id='word_1_54' title='bbox 1095 883 1239 926; x_wconf 87' lang='lat' dir='ltr'>verbis</span> <span class='ocrx_word' id='word_1_55' title='bbox 1284 889 1358 930; x_wconf 79' lang='grc' dir='ltr'><strong>τοῖς</strong></span> <span class='ocrx_word' id='word_1_56' title='bbox 1393 882 1435 925; x_wconf 74' lang='grc' dir='ltr'>δὲ</span> <span class='ocrx_word' id='word_1_57' title='bbox 1479 884 1612 940; x_wconf 73' lang='grc' dir='ltr'>φίλοισι</span> <span class='ocrx_word' id='word_1_58' title='bbox 1658 885 1846 930; x_wconf 83' lang='lat' dir='ltr'>amasios</span> 
     </span>
     <span class='ocr_line' id='line_1_9' title="bbox 317 957 1847 1014; baseline 0.003 -14"><span class='ocrx_word' id='word_1_59' title='bbox 317 957 530 1011; x_wconf 89' lang='lat' dir='ltr'>designari</span> <span class='ocrx_word' id='word_1_60' title='bbox 562 961 684 1002; x_wconf 90' lang='lat' dir='ltr'>ratus</span> <span class='ocrx_word' id='word_1_61' title='bbox 716 971 817 1002; x_wconf 91' lang='lat' dir='ltr'>suos</span> <span class='ocrx_word' id='word_1_62' title='bbox 838 971 990 1002; x_wconf 86' lang='lat' dir='ltr'>versus</span> <span class='ocrx_word' id='word_1_63' title='bbox 1023 962 1122 1013; x_wconf 87' lang='lat' dir='ltr'>apte</span> <span class='ocrx_word' id='word_1_64' title='bbox 1152 959 1239 1003; x_wconf 88' lang='lat' dir='ltr'>illis</span> <span class='ocrx_word' id='word_1_65' title='bbox 1265 972 1369 1004; x_wconf 85' lang='lat' dir='ltr'>vere</span> <span class='ocrx_word' id='word_1_66' title='bbox 1391 960 1677 1014; x_wconf 84' lang='lat' dir='ltr'>Theognideis</span> <span class='ocrx_word' id='word_1_67' title='bbox 1704 961 1847 1005; x_wconf 89' lang='lat' dir='ltr'>claudi</span> 
     </span>
     <span class='ocr_line' id='line_1_10' title="bbox 317 1033 1848 1089; baseline 0.003 -13"><span class='ocrx_word' id='word_1_68' title='bbox 317 1046 466 1076; x_wconf 87' lang='lat' dir='ltr'>crassa</span> <span class='ocrx_word' id='word_1_69' title='bbox 495 1033 693 1077; x_wconf 89' lang='lat' dir='ltr'>Minerva</span> <span class='ocrx_word' id='word_1_70' title='bbox 723 1035 916 1088; x_wconf 88' lang='lat' dir='ltr'>putabat.</span> <span class='ocrx_word' id='word_1_71' title='bbox 994 1035 1119 1089; x_wconf 79' lang='lat' dir='ltr'>Quod</span> <span class='ocrx_word' id='word_1_72' title='bbox 1165 1035 1201 1079; x_wconf 93' lang='lat' dir='ltr'>si</span> <span class='ocrx_word' id='word_1_73' title='bbox 1233 1049 1335 1079; x_wconf 87' lang='lat' dir='ltr'>vere</span> <span class='ocrx_word' id='word_1_74' title='bbox 1380 1035 1631 1089; x_wconf 83' lang='lat' dir='ltr'>statuimus,</span> <span class='ocrx_word' id='word_1_75' title='bbox 1668 1050 1751 1080; x_wconf 89' lang='lat' dir='ltr'>non</span> <span class='ocrx_word' id='word_1_76' title='bbox 1783 1040 1848 1080; x_wconf 90' lang='lat' dir='ltr'>est</span> 
     </span>
     <span class='ocr_line' id='line_1_11' title="bbox 316 1109 1847 1165; baseline 0.002 -13"><span class='ocrx_word' id='word_1_77' title='bbox 316 1109 427 1162; x_wconf 90' lang='lat' dir='ltr'>quod</span> <span class='ocrx_word' id='word_1_78' title='bbox 464 1109 654 1164; x_wconf 90' lang='lat' dir='ltr'>Bergkio</span> <span class='ocrx_word' id='word_1_79' title='bbox 700 1110 988 1154; x_wconf 78' lang='lat' dir='ltr'>assentiamur</span> <span class='ocrx_word' id='word_1_80' title='bbox 1033 1111 1253 1165; x_wconf 89' lang='lat' dir='ltr'>suspicato</span> <span class='ocrx_word' id='word_1_81' title='bbox 1300 1111 1429 1155; x_wconf 91' lang='lat' dir='ltr'>etiam</span> <span class='ocrx_word' id='word_1_82' title='bbox 1475 1112 1554 1155; x_wconf 91' lang='lat' dir='ltr'>hos</span> <span class='ocrx_word' id='word_1_83' title='bbox 1599 1125 1751 1156; x_wconf 89' lang='lat' dir='ltr'>versus</span> <span class='ocrx_word' id='word_1_84' title='bbox 1794 1126 1847 1155; x_wconf 81' lang='lat' dir='ltr'>ex</span> 
     </span>
     <span class='ocr_line' id='line_1_12' title="bbox 317 1185 1846 1241; baseline 0.004 -15"><span class='ocrx_word' id='word_1_85' title='bbox 317 1185 489 1226; x_wconf 62' lang='grc' dir='ltr'>παιδικῶν</span> <span class='ocrx_word' id='word_1_86' title='bbox 525 1187 690 1241; x_wconf 83' lang='lat' dir='ltr'>sylloge</span> <span class='ocrx_word' id='word_1_87' title='bbox 726 1186 769 1229; x_wconf 90' lang='lat' dir='ltr'>in</span> <span class='ocrx_word' id='word_1_88' title='bbox 805 1187 1104 1241; x_wconf 86' lang='lat' dir='ltr'>gnomologiae</span> <span class='ocrx_word' id='word_1_89' title='bbox 1139 1191 1307 1241; x_wconf 90' lang='lat' dir='ltr'>partem</span> <span class='ocrx_word' id='word_1_90' title='bbox 1345 1188 1624 1232; x_wconf 87' lang='lat' dir='ltr'>novissimam</span> <span class='ocrx_word' id='word_1_91' title='bbox 1670 1189 1726 1232; x_wconf 89' lang='lat' dir='ltr'>ab</span> <span class='ocrx_word' id='word_1_92' title='bbox 1773 1189 1846 1231; x_wconf 89' lang='lat' dir='ltr'>ho-</span> 
     </span>
     <span class='ocr_line' id='line_1_13' title="bbox 315 1260 1156 1307; baseline 0.002 -3"><span class='ocrx_word' id='word_1_93' title='bbox 315 1260 427 1305; x_wconf 89' lang='lat' dir='ltr'>mine</span> <span class='ocrx_word' id='word_1_94' title='bbox 457 1262 570 1305; x_wconf 81' lang='lat' dir='ltr'>male</span> <span class='ocrx_word' id='word_1_95' title='bbox 601 1262 750 1306; x_wconf 91' lang='lat' dir='ltr'>sedulo</span> <span class='ocrx_word' id='word_1_96' title='bbox 782 1263 1016 1307; x_wconf 88' lang='lat' dir='ltr'>translatos</span> <span class='ocrx_word' id='word_1_97' title='bbox 1048 1276 1156 1307; x_wconf 91' lang='lat' dir='ltr'>esse.</span> 
     </span>
    </p>
   </div>
   <div class='ocr_carea' id='block_1_3' title="bbox 312 1355 1848 2007">
    <p class='ocr_par' dir='ltr' id='par_1_3' title="bbox 312 1355 1848 2007">
     <span class='ocr_line' id='line_1_14' title="bbox 431 1355 1847 1410; baseline 0.002 -12"><span class='ocrx_word' id='word_1_98' title='bbox 431 1355 643 1409; x_wconf 82' lang='lat' dir='ltr'>Quoniam</span> <span class='ocrx_word' id='word_1_99' title='bbox 674 1356 759 1398; x_wconf 91' lang='lat' dir='ltr'>iam</span> <span class='ocrx_word' id='word_1_100' title='bbox 792 1355 859 1399; x_wconf 90' lang='lat' dir='ltr'>bis</span> <span class='ocrx_word' id='word_1_101' title='bbox 890 1356 1049 1399; x_wconf 87' lang='lat' dir='ltr'>factum</span> <span class='ocrx_word' id='word_1_102' title='bbox 1081 1369 1174 1400; x_wconf 88' lang='lat' dir='ltr'>esse</span> <span class='ocrx_word' id='word_1_103' title='bbox 1195 1356 1596 1410; x_wconf 83' lang='lat' dir='ltr'>demonstravimus,</span> <span class='ocrx_word' id='word_1_104' title='bbox 1627 1360 1677 1401; x_wconf 90' lang='lat' dir='ltr'>ut</span> <span class='ocrx_word' id='word_1_105' title='bbox 1697 1361 1847 1401; x_wconf 79' lang='lat' dir='ltr'>auctor</span> 
     </span>
     <span class='ocr_line' id='line_1_15' title="bbox 315 1431 1846 1486; baseline 0.002 -12"><span class='ocrx_word' id='word_1_106' title='bbox 315 1431 578 1475; x_wconf 87' lang='lat' dir='ltr'>collectionis</span> <span class='ocrx_word' id='word_1_107' title='bbox 609 1431 847 1475; x_wconf 84' lang='lat' dir='ltr'>carminum</span> <span class='ocrx_word' id='word_1_108' title='bbox 873 1432 917 1475; x_wconf 90' lang='lat' dir='ltr'>in</span> <span class='ocrx_word' id='word_1_109' title='bbox 944 1432 1053 1475; x_wconf 91' lang='lat' dir='ltr'>libro</span> <span class='ocrx_word' id='word_1_110' title='bbox 1078 1431 1105 1486; x_wconf 86' lang='grc' dir='ltr'>β’</span> <span class='ocrx_word' id='word_1_111' title='bbox 1132 1432 1391 1476; x_wconf 75' lang='lat' dir='ltr'>exstantium</span> <span class='ocrx_word' id='word_1_112' title='bbox 1413 1445 1566 1477; x_wconf 84' lang='lat' dir='ltr'>versus</span> <span class='ocrx_word' id='word_1_113' title='bbox 1586 1447 1688 1477; x_wconf 89' lang='lat' dir='ltr'>vere</span> <span class='ocrx_word' id='word_1_114' title='bbox 1708 1435 1846 1477; x_wconf 88' lang='lat' dir='ltr'>Theo-</span> 
     </span>
     <span class='ocr_line' id='line_1_16' title="bbox 315 1507 1845 1563; baseline 0.002 -13"><span class='ocrx_word' id='word_1_115' title='bbox 315 1507 491 1562; x_wconf 88' lang='lat' dir='ltr'>gnideos</span> <span class='ocrx_word' id='word_1_116' title='bbox 522 1507 646 1561; x_wconf 82' lang='lat' dir='ltr'>quasi</span> <span class='ocrx_word' id='word_1_117' title='bbox 677 1508 917 1551; x_wconf 81' lang='lat' dir='ltr'>clausulam</span> <span class='ocrx_word' id='word_1_118' title='bbox 950 1508 1167 1561; x_wconf 92' lang='lat' dir='ltr'>quandam</span> <span class='ocrx_word' id='word_1_119' title='bbox 1197 1508 1396 1561; x_wconf 87' lang='lat' dir='ltr'>versibus</span> <span class='ocrx_word' id='word_1_120' title='bbox 1426 1509 1516 1552; x_wconf 89' lang='lat' dir='ltr'>suis</span> <span class='ocrx_word' id='word_1_121' title='bbox 1547 1509 1695 1562; x_wconf 90' lang='lat' dir='ltr'>eisque</span> <span class='ocrx_word' id='word_1_122' title='bbox 1739 1510 1845 1563; x_wconf 90' lang='lat' dir='ltr'>ipsis</span> 
     </span>
     <span class='ocr_line' id='line_1_17' title="bbox 315 1583 1846 1638; baseline 0.001 -12"><span class='ocrx_word' id='word_1_123' title='bbox 315 1583 548 1626; x_wconf 87' lang='lat' dir='ltr'>maximam</span> <span class='ocrx_word' id='word_1_124' title='bbox 579 1586 747 1637; x_wconf 89' lang='lat' dir='ltr'>partem</span> <span class='ocrx_word' id='word_1_125' title='bbox 778 1596 832 1627; x_wconf 84' lang='lat' dir='ltr'>ex</span> <span class='ocrx_word' id='word_1_126' title='bbox 864 1584 1007 1637; x_wconf 90' lang='lat' dir='ltr'>amplo</span> <span class='ocrx_word' id='word_1_127' title='bbox 1030 1584 1289 1638; x_wconf 88' lang='lat' dir='ltr'>Theognidis</span> <span class='ocrx_word' id='word_1_128' title='bbox 1310 1585 1515 1628; x_wconf 85' lang='lat' dir='ltr'>thesauro</span> <span class='ocrx_word' id='word_1_129' title='bbox 1537 1585 1846 1629; x_wconf 88' lang='lat' dir='ltr'>consarcinatis</span> 
     </span>
     <span class='ocr_line' id='line_1_18' title="bbox 315 1659 1845 1714; baseline 0.001 -12"><span class='ocrx_word' id='word_1_130' title='bbox 315 1659 524 1712; x_wconf 77' lang='lat' dir='ltr'>adiceret,</span> <span class='ocrx_word' id='word_1_131' title='bbox 570 1672 654 1703; x_wconf 92' lang='lat' dir='ltr'>non</span> <span class='ocrx_word' id='word_1_132' title='bbox 699 1660 955 1704; x_wconf 88' lang='lat' dir='ltr'>mirabimur</span> <span class='ocrx_word' id='word_1_133' title='bbox 984 1659 1106 1703; x_wconf 90' lang='lat' dir='ltr'>illum</span> <span class='ocrx_word' id='word_1_134' title='bbox 1152 1659 1365 1704; x_wconf 89' lang='lat' dir='ltr'>distichon</span> <span class='ocrx_word' id='word_1_135' title='bbox 1396 1660 1730 1714; x_wconf 87' lang='lat' dir='ltr'>Theognideum,</span> <span class='ocrx_word' id='word_1_136' title='bbox 1777 1661 1845 1704; x_wconf 90' lang='lat' dir='ltr'>cui</span> 
     </span>
     <span class='ocr_line' id='line_1_19' title="bbox 314 1734 1845 1790; baseline 0.001 -12"><span class='ocrx_word' id='word_1_137' title='bbox 314 1735 517 1779; x_wconf 88' lang='lat' dir='ltr'>eroticam</span> <span class='ocrx_word' id='word_1_138' title='bbox 549 1734 636 1778; x_wconf 87' lang='lat' dir='ltr'>vim</span> <span class='ocrx_word' id='word_1_139' title='bbox 668 1735 886 1789; x_wconf 85' lang='lat' dir='ltr'>subderet,</span> <span class='ocrx_word' id='word_1_140' title='bbox 917 1735 1172 1790; x_wconf 87' lang='lat' dir='ltr'>repetivisse</span> <span class='ocrx_word' id='word_1_141' title='bbox 1202 1742 1244 1779; x_wconf 80' lang='lat' dir='ltr'>et</span> <span class='ocrx_word' id='word_1_142' title='bbox 1273 1748 1370 1779; x_wconf 89' lang='lat' dir='ltr'>cum</span> <span class='ocrx_word' id='word_1_143' title='bbox 1402 1749 1454 1779; x_wconf 91' lang='lat' dir='ltr'>eo</span> <span class='ocrx_word' id='word_1_144' title='bbox 1484 1749 1637 1780; x_wconf 83' lang='lat' dir='ltr'>versus</span> <span class='ocrx_word' id='word_1_145' title='bbox 1676 1737 1729 1781; x_wconf 87' lang='lat' dir='ltr'>de</span> <span class='ocrx_word' id='word_1_146' title='bbox 1766 1749 1845 1780; x_wconf 92' lang='lat' dir='ltr'>suo</span> 
     </span>
     <span class='ocr_line' id='line_1_20' title="bbox 313 1811 1848 1866; baseline 0.001 -12"><span class='ocrx_word' id='word_1_147' title='bbox 313 1815 534 1865; x_wconf 87' lang='lat' dir='ltr'>promptos</span> <span class='ocrx_word' id='word_1_148' title='bbox 566 1811 849 1855; x_wconf 84' lang='lat' dir='ltr'>coniunxisse.</span> <span class='ocrx_word' id='word_1_149' title='bbox 925 1812 1060 1855; x_wconf 87' lang='lat' dir='ltr'>Recte</span> <span class='ocrx_word' id='word_1_150' title='bbox 1096 1812 1187 1855; x_wconf 90' lang='lat' dir='ltr'>sine</span> <span class='ocrx_word' id='word_1_151' title='bbox 1219 1812 1347 1855; x_wconf 92' lang='lat' dir='ltr'>dubio</span> <span class='ocrx_word' id='word_1_152' title='bbox 1378 1812 1594 1866; x_wconf 89' lang='lat' dir='ltr'>Bergkius</span> <span class='ocrx_word' id='word_1_153' title='bbox 1624 1812 1848 1856; x_wconf 82' lang='lat' dir='ltr'>adnotavit</span> 
     </span>
     <span class='ocr_line' id='line_1_21' title="bbox 313 1886 1844 1942; baseline 0.001 -12"><span class='ocrx_word' id='word_1_154' title='bbox 313 1899 465 1930; x_wconf 87' lang='lat' dir='ltr'>versus</span> <span class='ocrx_word' id='word_1_155' title='bbox 495 1891 594 1940; x_wconf 88' lang='lat' dir='ltr'>post</span> <span class='ocrx_word' id='word_1_156' title='bbox 629 1901 669 1930; x_wconf 90' lang='lat' dir='ltr'>v.</span> <span class='ocrx_word' id='word_1_157' title='bbox 706 1891 816 1930; x_wconf 81' lang='grc'><strong>1238</strong></span> <span class='ocrx_word' id='word_1_158' title='bbox 862 1886 905 1930; x_wconf 89' lang='lat' dir='ltr'>in</span> <span class='ocrx_word' id='word_1_159' title='bbox 935 1887 978 1931; x_wconf 95' lang='lat' dir='ltr'><strong>A</strong></span> <span class='ocrx_word' id='word_1_160' title='bbox 1024 1887 1226 1940; x_wconf 84' lang='lat' dir='ltr'>traditos,</span> <span class='ocrx_word' id='word_1_161' title='bbox 1273 1887 1343 1941; x_wconf 87' lang='lat' dir='ltr'>qui</span> <span class='ocrx_word' id='word_1_162' title='bbox 1391 1888 1528 1932; x_wconf 89' lang='lat' dir='ltr'>eidem</span> <span class='ocrx_word' id='word_1_163' title='bbox 1574 1892 1674 1932; x_wconf 92' lang='lat' dir='ltr'>sunt</span> <span class='ocrx_word' id='word_1_164' title='bbox 1717 1891 1844 1942; x_wconf 86' lang='lat' dir='ltr'>atque</span> 
     </span>
     <span class='ocr_line' id='line_1_22' title="bbox 312 1966 673 2007; baseline 0 -1"><span class='ocrx_word' id='word_1_165' title='bbox 312 1977 354 2006; x_wconf 85' lang='lat' dir='ltr'>v.</span> <span class='ocrx_word' id='word_1_166' title='bbox 389 1966 673 2007; x_wconf 85' lang='lat'>1151—1152</span> 
     </span>
    </p>
   </div>
   <div class='ocr_carea' id='block_1_4' title="bbox 592 2055 1666 2190">
    <p class='ocr_par' dir='ltr' id='par_1_4' title="bbox 592 2055 1666 2190">
     <span class='ocr_line' id='line_1_23' title="bbox 592 2055 1666 2114; baseline 0.001 -17"><span class='ocrx_word' id='word_1_167' title='bbox 592 2055 752 2112; x_wconf 78' lang='grc' dir='ltr'>Μήποτε</span> <span class='ocrx_word' id='word_1_168' title='bbox 782 2056 844 2097; x_wconf 77' lang='grc' dir='ltr'>τὸν</span> <span class='ocrx_word' id='word_1_169' title='bbox 874 2058 1057 2113; x_wconf 81' lang='grc' dir='ltr'><strong>παρεόντα</strong></span> <span class='ocrx_word' id='word_1_170' title='bbox 1088 2056 1216 2111; x_wconf 73' lang='grc' dir='ltr'>μεθεὶς</span> <span class='ocrx_word' id='word_1_171' title='bbox 1247 2057 1353 2114; x_wconf 75' lang='grc' dir='ltr'>φίλον</span> <span class='ocrx_word' id='word_1_172' title='bbox 1384 2058 1502 2099; x_wconf 81' lang='grc' dir='ltr'>ἄλλον</span> <span class='ocrx_word' id='word_1_173' title='bbox 1534 2057 1666 2114; x_wconf 82' lang='grc' dir='ltr'>ἐρεύνα</span> 
     </span>
     <span class='ocr_line' id='line_1_24' title="bbox 592 2133 1383 2190; baseline 0.001 -17"><span class='ocrx_word' id='word_1_174' title='bbox 592 2133 726 2174; x_wconf 70' lang='grc' dir='ltr'>δειλῶν</span> <span class='ocrx_word' id='word_1_175' title='bbox 757 2134 966 2190; x_wconf 78' lang='grc' dir='ltr'>ἀνθρώπων</span> <span class='ocrx_word' id='word_1_176' title='bbox 998 2135 1136 2190; x_wconf 78' lang='grc' dir='ltr'>ῥήμασι</span> <span class='ocrx_word' id='word_1_177' title='bbox 1167 2134 1383 2188; x_wconf 72' lang='grc' dir='ltr'>πειθόμενος</span> 
     </span>
    </p>
   </div>
   <div class='ocr_carea' id='block_1_5' title="bbox 314 2244 1453 2289">
    <p class='ocr_par' dir='ltr' id='par_1_5' title="bbox 314 2244 1453 2289">
     <span class='ocr_line' id='line_1_25' title="bbox 314 2244 1453 2289; baseline 0.001 -2"><span class='ocrx_word' id='word_1_178' title='bbox 314 2248 402 2287; x_wconf 77' lang='lat' dir='ltr'>tam</span> <span class='ocrx_word' id='word_1_179' title='bbox 435 2250 533 2288; x_wconf 91' lang='lat' dir='ltr'>arta</span> <span class='ocrx_word' id='word_1_180' title='bbox 562 2244 878 2289; x_wconf 89' lang='lat' dir='ltr'>necessitudine</span> <span class='ocrx_word' id='word_1_181' title='bbox 907 2244 1075 2289; x_wconf 88' lang='lat' dir='ltr'>iunctos</span> <span class='ocrx_word' id='word_1_182' title='bbox 1107 2257 1202 2289; x_wconf 89' lang='lat' dir='ltr'>esse</span> <span class='ocrx_word' id='word_1_183' title='bbox 1232 2257 1331 2288; x_wconf 92' lang='lat' dir='ltr'>cum</span> <span class='ocrx_word' id='word_1_184' title='bbox 1367 2245 1453 2289; x_wconf 86' lang='lat' dir='ltr'>his:</span> 
     </span>
    </p>
   </div>
   <div class='ocr_carea' id='block_1_6' title="bbox 591 2336 1620 2478">
    <p class='ocr_par' dir='ltr' id='par_1_6' title="bbox 591 2336 1620 2478">
     <span class='ocr_line' id='line_1_26' title="bbox 593 2336 1620 2400; baseline -0.001 -16"><span class='ocrx_word' id='word_1_185' title='bbox 593 2344 751 2385; x_wconf 72' lang='grc' dir='ltr'>πολλάκι</span> <span class='ocrx_word' id='word_1_186' title='bbox 782 2358 834 2385; x_wconf 77' lang='grc' dir='ltr'>τοι</span> <span class='ocrx_word' id='word_1_187' title='bbox 864 2345 939 2400; x_wconf 76' lang='grc' dir='ltr'>παῤ</span> <span class='ocrx_word' id='word_1_188' title='bbox 970 2343 1050 2398; x_wconf 79' lang='grc' dir='ltr'><strong>ἐμοὶ</strong></span> <span class='ocrx_word' id='word_1_189' title='bbox 1080 2345 1176 2386; x_wconf 79' lang='grc' dir='ltr'><strong><em>κατὰ</em></strong></span> <span class='ocrx_word' id='word_1_190' title='bbox 1206 2344 1270 2386; x_wconf 79' lang='grc' dir='ltr'>σοῦ</span> <span class='ocrx_word' id='word_1_191' title='bbox 1299 2336 1451 2392; x_wconf 75' lang='grc' dir='ltr'>λέξουσι</span> <span class='ocrx_word' id='word_1_192' title='bbox 1482 2347 1620 2398; x_wconf 78' lang='grc' dir='ltr'>μάταια</span> 
     </span>
     <span class='ocr_line' id='line_1_27' title="bbox 591 2413 1606 2478; baseline 0 -18"><span class='ocrx_word' id='word_1_193' title='bbox 591 2419 651 2461; x_wconf 80' lang='grc' dir='ltr'>καὶ</span> <span class='ocrx_word' id='word_1_194' title='bbox 682 2421 782 2478; x_wconf 81' lang='grc' dir='ltr'>παρὰ</span> <span class='ocrx_word' id='word_1_195' title='bbox 812 2420 866 2462; x_wconf 74' lang='grc' dir='ltr'>σοὶ</span> <span class='ocrx_word' id='word_1_196' title='bbox 896 2421 977 2462; x_wconf 78' lang='grc' dir='ltr'>κατ’</span> <span class='ocrx_word' id='word_1_197' title='bbox 1012 2421 1102 2475; x_wconf 71' lang='grc' dir='ltr'>ἐμοῦ</span> <span class='ocrx_word' id='word_1_198' title='bbox 1132 2425 1207 2462; x_wconf 81' lang='grc' dir='ltr'>τῶν</span> <span class='ocrx_word' id='word_1_199' title='bbox 1237 2419 1279 2462; x_wconf 71' lang='grc' dir='ltr'>δὲ</span> <span class='ocrx_word' id='word_1_200' title='bbox 1309 2419 1354 2462; x_wconf 83' lang='grc' dir='ltr'>σὺ</span> <span class='ocrx_word' id='word_1_201' title='bbox 1386 2420 1439 2476; x_wconf 78' lang='grc' dir='ltr'>μὴ</span> <span class='ocrx_word' id='word_1_202' title='bbox 1472 2413 1606 2469; x_wconf 73' lang='grc' dir='ltr'>Ευνὺει,</span> 
     </span>
    </p>
   </div>
   <div class='ocr_carea' id='block_1_7' title="bbox 312 2526 1843 2732">
    <p class='ocr_par' dir='ltr' id='par_1_7' title="bbox 312 2526 1843 2732">
     <span class='ocr_line' id='line_1_28' title="bbox 312 2526 1843 2582; baseline 0.001 -13"><span class='ocrx_word' id='word_1_203' title='bbox 312 2529 362 2569; x_wconf 92' lang='lat' dir='ltr'>ut</span> <span class='ocrx_word' id='word_1_204' title='bbox 391 2526 570 2570; x_wconf 90' lang='lat' dir='ltr'>alterius</span> <span class='ocrx_word' id='word_1_205' title='bbox 607 2526 779 2570; x_wconf 87' lang='lat' dir='ltr'>distichi</span> <span class='ocrx_word' id='word_1_206' title='bbox 824 2527 1062 2571; x_wconf 86' lang='lat' dir='ltr'>subiectum</span> <span class='ocrx_word' id='word_1_207' title='bbox 1111 2539 1164 2570; x_wconf 85' lang='lat' dir='ltr'>cx</span> <span class='ocrx_word' id='word_1_208' title='bbox 1195 2526 1328 2567; x_wconf 78' lang='grc' dir='ltr'>δειλῶν</span> <span class='ocrx_word' id='word_1_209' title='bbox 1358 2527 1568 2582; x_wconf 74' lang='grc' dir='ltr'>ἀνθρώπων</span> <span class='ocrx_word' id='word_1_210' title='bbox 1614 2526 1843 2580; x_wconf 88' lang='lat' dir='ltr'>petendum</span> 
     </span>
     <span class='ocr_line' id='line_1_29' title="bbox 313 2601 1840 2656; baseline 0.001 -11"><span class='ocrx_word' id='word_1_211' title='bbox 313 2615 408 2646; x_wconf 88' lang='lat' dir='ltr'>esse</span> <span class='ocrx_word' id='word_1_212' title='bbox 430 2602 703 2647; x_wconf 86' lang='lat' dir='ltr'>manifestum</span> <span class='ocrx_word' id='word_1_213' title='bbox 727 2602 795 2646; x_wconf 91' lang='lat' dir='ltr'>sit.</span> <span class='ocrx_word' id='word_1_214' title='bbox 858 2603 942 2647; x_wconf 86' lang='lat' dir='ltr'>Sed</span> <span class='ocrx_word' id='word_1_215' title='bbox 965 2603 1084 2656; x_wconf 87' lang='lat' dir='ltr'>prius</span> <span class='ocrx_word' id='word_1_216' title='bbox 1106 2601 1318 2646; x_wconf 85' lang='lat' dir='ltr'>distichon</span> <span class='ocrx_word' id='word_1_217' title='bbox 1339 2601 1437 2646; x_wconf 85' lang='lat' dir='ltr'>hinc</span> <span class='ocrx_word' id='word_1_218' title='bbox 1458 2601 1567 2646; x_wconf 90' lang='lat' dir='ltr'>libro</span> <span class='ocrx_word' id='word_1_219' title='bbox 1590 2607 1614 2644; x_wconf 83' lang='grc' dir='ltr'><strong>ά</strong></span> <span class='ocrx_word' id='word_1_220' title='bbox 1634 2602 1840 2647; x_wconf 90' lang='lat' dir='ltr'>insertum</span> 
     </span>
     <span class='ocr_line' id='line_1_30' title="bbox 312 2678 1248 2732; baseline -0.001 -10"><span class='ocrx_word' id='word_1_221' title='bbox 312 2691 407 2722; x_wconf 87' lang='lat' dir='ltr'>esse</span> <span class='ocrx_word' id='word_1_222' title='bbox 437 2678 529 2722; x_wconf 89' lang='lat' dir='ltr'>fieri</span> <span class='ocrx_word' id='word_1_223' title='bbox 561 2692 644 2723; x_wconf 92' lang='lat' dir='ltr'>non</span> <span class='ocrx_word' id='word_1_224' title='bbox 675 2682 831 2732; x_wconf 90' lang='lat' dir='ltr'>potest,</span> <span class='ocrx_word' id='word_1_225' title='bbox 863 2683 912 2723; x_wconf 90' lang='lat' dir='ltr'>ut</span> <span class='ocrx_word' id='word_1_226' title='bbox 942 2678 1248 2723; x_wconf 87' lang='lat' dir='ltr'>existimemus.</span> 
     </span>
    </p>
   </div>
   <div class='ocr_carea' id='block_1_8' title="bbox 311 2772 1842 3055">
    <p class='ocr_par' dir='ltr' id='par_1_8' title="bbox 311 2772 1842 3055">
     <span class='ocr_line' id='line_1_31' title="bbox 429 2772 1842 2827; baseline 0 -11"><span class='ocrx_word' id='word_1_227' title='bbox 429 2772 513 2816; x_wconf 88' lang='lat' dir='ltr'>Sed</span> <span class='ocrx_word' id='word_1_228' title='bbox 549 2772 635 2816; x_wconf 89' lang='lat' dir='ltr'>iam</span> <span class='ocrx_word' id='word_1_229' title='bbox 674 2773 730 2816; x_wconf 81' lang='lat' dir='ltr'>ad</span> <span class='ocrx_word' id='word_1_230' title='bbox 775 2773 902 2816; x_wconf 87' lang='lat' dir='ltr'>finem</span> <span class='ocrx_word' id='word_1_231' title='bbox 949 2772 1236 2827; x_wconf 88' lang='lat' dir='ltr'>pervenimus.</span> <span class='ocrx_word' id='word_1_232' title='bbox 1314 2772 1360 2816; x_wconf 88' lang='lat' dir='ltr'>Si</span> <span class='ocrx_word' id='word_1_233' title='bbox 1406 2772 1507 2826; x_wconf 91' lang='lat' dir='ltr'>quid</span> <span class='ocrx_word' id='word_1_234' title='bbox 1554 2773 1842 2827; x_wconf 89' lang='lat' dir='ltr'>disputatione</span> 
     </span>
     <span class='ocr_line' id='line_1_32' title="bbox 311 2847 1842 2903; baseline 0.001 -12"><span class='ocrx_word' id='word_1_235' title='bbox 311 2851 461 2891; x_wconf 86' lang='lat' dir='ltr'>nostra</span> <span class='ocrx_word' id='word_1_236' title='bbox 490 2847 729 2902; x_wconf 83' lang='lat' dir='ltr'>effecimus,</span> <span class='ocrx_word' id='word_1_237' title='bbox 775 2849 857 2893; x_wconf 92' lang='lat' dir='ltr'>hoc</span> <span class='ocrx_word' id='word_1_238' title='bbox 903 2849 1208 2903; x_wconf 82' lang='lat' dir='ltr'>comprobasse</span> <span class='ocrx_word' id='word_1_239' title='bbox 1252 2847 1449 2892; x_wconf 85' lang='lat' dir='ltr'>videmur</span> <span class='ocrx_word' id='word_1_240' title='bbox 1494 2848 1681 2892; x_wconf 90' lang='lat' dir='ltr'>omnium</span> <span class='ocrx_word' id='word_1_241' title='bbox 1727 2848 1842 2892; x_wconf 86' lang='lat' dir='ltr'>intra</span> 
     </span>
     <span class='ocr_line' id='line_1_33' title="bbox 311 2923 1840 2978; baseline 0.001 -11"><span class='ocrx_word' id='word_1_242' title='bbox 311 2923 467 2967; x_wconf 85' lang='lat' dir='ltr'>librum</span> <span class='ocrx_word' id='word_1_243' title='bbox 512 2923 540 2964; x_wconf 88' lang='grc' dir='ltr'>α’</span> <span class='ocrx_word' id='word_1_244' title='bbox 583 2926 626 2967; x_wconf 88' lang='lat' dir='ltr'>et</span> <span class='ocrx_word' id='word_1_245' title='bbox 662 2923 690 2978; x_wconf 77' lang='grc' dir='ltr'>β’</span> <span class='ocrx_word' id='word_1_246' title='bbox 736 2924 992 2969; x_wconf 88' lang='lat' dir='ltr'>iteratorum</span> <span class='ocrx_word' id='word_1_247' title='bbox 1043 2925 1235 2968; x_wconf 86' lang='lat' dir='ltr'>locorum</span> <span class='ocrx_word' id='word_1_248' title='bbox 1281 2923 1355 2967; x_wconf 82' lang='lat' dir='ltr'>vix</span> <span class='ocrx_word' id='word_1_249' title='bbox 1400 2937 1532 2968; x_wconf 91' lang='lat' dir='ltr'>unum</span> <span class='ocrx_word' id='word_1_250' title='bbox 1585 2937 1700 2977; x_wconf 85' lang='lat' dir='ltr'>esse,</span> <span class='ocrx_word' id='word_1_251' title='bbox 1755 2937 1840 2978; x_wconf 92' lang='lat' dir='ltr'>quo</span> 
     </span>
     <span class='ocr_line' id='line_1_34' title="bbox 313 2999 1838 3055; baseline 0.001 -13"><span class='ocrx_word' id='word_1_252' title='bbox 313 2999 589 3054; x_wconf 88' lang='lat' dir='ltr'>Theognidea</span> <span class='ocrx_word' id='word_1_253' title='bbox 619 2999 855 3045; x_wconf 87' lang='lat' dir='ltr'>carminum</span> <span class='ocrx_word' id='word_1_254' title='bbox 887 3001 1027 3045; x_wconf 82' lang='lat' dir='ltr'>forma</span> <span class='ocrx_word' id='word_1_255' title='bbox 1057 2999 1225 3047; x_wconf 88' lang='lat' dir='ltr'>fidelius</span> <span class='ocrx_word' id='word_1_256' title='bbox 1257 3012 1387 3053; x_wconf 88' lang='lat' dir='ltr'>quam</span> <span class='ocrx_word' id='word_1_257' title='bbox 1421 3000 1565 3055; x_wconf 87' lang='lat' dir='ltr'>priore</span> <span class='ocrx_word' id='word_1_258' title='bbox 1608 3001 1704 3045; x_wconf 89' lang='lat' dir='ltr'>loco</span> <span class='ocrx_word' id='word_1_259' title='bbox 1750 3013 1838 3044; x_wconf 88' lang='lat' dir='ltr'>ser·</span> 
     </span>
    </p>
   </div>
  </div>
 </body>
</html>
