2098 3406
916 327 1200 366 -22-

291 451 464 494 tametri
486 451 603 495 exitu
625 464 701 505 pro
735 450 978 503 imperativi
1005 451 1144 494 forma
1170 450 1280 496 δίδως
1300 450 1544 494 substitutis
1565 451 1817 494 sententiam

289 537 447 569 novam
479 538 658 579 eamque
690 525 806 568 haud
836 525 899 567 ita
929 525 1197 568 commodam
1230 525 1422 579 fingeret.
1484 525 1658 570 Stobaei
1688 526 1821 581 igitur

291 601 483 644 recensio
529 613 625 644 cum
670 603 764 643 loco
810 600 966 644 sinceri
1010 601 1132 644 testis
1179 601 1329 644 haberi
1374 613 1458 645 non
1503 601 1658 655 possit,
1704 605 1818 645 recte

286 676 467 720 fecimus
498 677 611 729 quod
642 676 918 719 diiudicaturi
947 680 1048 719 utra
1077 677 1120 719 in
1151 676 1438 730 Theognideis
1474 681 1650 720 servata
1680 678 1818 721 forma

283 751 459 795 distichi
490 751 676 806 genuina
707 751 978 795 aestimanda
1008 752 1078 806 sit,
1111 754 1306 806 eclogam
1338 752 1593 796 Stobensem
1630 753 1819 807 neglexi-

287 840 398 870 mus.
459 827 580 870 Idem
611 827 828 882 Bergkius
867 828 911 870 in
942 831 1100 881 quarta
1129 828 1363 871 Poetarum
1392 827 1648 883 Lyricorum
1679 828 1819 872 Grae·

283 915 387 946 core
419 903 603 946 editione
633 903 746 956 fecit,
779 903 851 957 qui
881 904 925 946 in
955 903 1085 947 tertia
1115 904 1172 946 ad
1202 903 1431 958 genuniam
1461 906 1615 958 poetae
1650 907 1819 947 senten-

282 978 392 1020 tiam
441 978 750 1021 restituendam
800 978 910 1024 δίδως
959 991 1014 1021 ex
1059 978 1246 1023 Stobaeo
1297 979 1548 1032 depromere
1596 991 1680 1022 non
1726 983 1820 1022 erat

286 1053 463 1097 veritus.
523 1053 790 1097 Pentametri
821 1057 967 1097 autem
998 1054 1162 1097 exitum
1182 1054 1326 1107 priore
1346 1055 1440 1097 loco
1461 1057 1578 1097 recte
1598 1059 1819 1098 servatum

285 1141 380 1172 esse
415 1140 513 1172 cum
551 1129 626 1172 alii
670 1129 753 1172 loci
784 1128 842 1185 (v.
879 1133 974 1172 150.
1010 1133 1104 1172 164.
1137 1130 1240 1184 310)
1271 1132 1523 1183 argumento
1569 1133 1682 1183 sunt,
1727 1133 1818 1173 tum

286 1218 327 1247 v.
361 1208 463 1247 635:

524 1274 675 1330 ἀνδράσι
705 1281 780 1320 τοῖς
810 1276 961 1329 ἀγαθοῖς
991 1275 1116 1316 ἕπεται
1146 1276 1319 1329 γνώμητε
1348 1274 1410 1315 καὶ
1440 1275 1564 1320 αἰδώς.

285 1362 544 1415 Priusquam
576 1363 691 1405 hunc
719 1364 861 1406 locum
893 1362 1039 1405 multis
1071 1362 1326 1406 coniecturis
1356 1365 1568 1405 tentatum
1605 1361 1818 1415 relinqua-

285 1450 395 1491 mus,
426 1441 565 1482 restat
594 1442 643 1481 ut
672 1438 779 1482 illud
809 1439 999 1482 refutare
1030 1450 1247 1491 conemur,
1279 1438 1393 1490 quod
1428 1437 1471 1480 in
1501 1438 1561 1480 M.
1594 1437 1817 1481 Schmidtii

283 1514 413 1569 (Mus.
446 1514 582 1557 Rhen.
614 1514 726 1557 Nov.
757 1514 910 1557 XXVI
947 1527 988 1567 p.
1024 1513 1125 1570 191)
1161 1518 1205 1556 et
1233 1513 1420 1557 Useneri
1457 1513 1518 1567 (in
1549 1513 1819 1556 Fleckeiseni

282 1590 429 1631 annal.
461 1589 564 1642 phil.
601 1592 711 1632 1878
742 1603 783 1643 p.
817 1590 889 1644 70)
921 1588 1198 1632 offensionem
1229 1589 1395 1632 cecidit.
1473 1588 1533 1631 Hi
1579 1589 1691 1631 enim
1735 1588 1817 1631 viri

282 1664 399 1707 docti
429 1677 526 1707 cum
558 1665 640 1708 sibi
671 1665 990 1719 persuasissent
1019 1665 1113 1707 fieri
1142 1677 1227 1708 non
1257 1677 1385 1718 posse
1415 1670 1465 1708 ut
1493 1665 1538 1707 in
1559 1664 1741 1708 disticho
1764 1665 1818 1707 ad

281 1739 476 1795 Cyrnum
508 1741 827 1784 adulescentem
858 1740 959 1783 dato
990 1741 1294 1794 pervulgatum
1325 1743 1603 1794 praeceptum
1648 1739 1819 1792 inesset,

281 1829 370 1869 quo
401 1816 503 1870 quid
535 1817 683 1860 liberis
703 1816 960 1859 tradendum
983 1820 1100 1860 esset
1119 1816 1435 1868 decantaretur,
1467 1816 1585 1856 παισὶν
1606 1815 1659 1859 de
1679 1815 1820 1859 medio

280 1893 457 1935 sublato
507 1893 619 1936 alius
658 1892 776 1936 aliud
806 1895 1135 1946 proposuerunt.
1195 1891 1372 1934 Iniuria.
1434 1892 1575 1946 Quam
1606 1891 1821 1946 Theognis

284 1980 391 2021 puer
428 1969 483 2011 ab
530 1968 811 2022 optimatibus
857 1967 1027 2021 accepit
1055 1967 1308 2021 doctrinam,
1356 1979 1451 2011 eam
1483 1966 1626 2022 Cyrno
1671 1966 1816 2010 tradit.

283 2045 382 2087 Non
411 2044 537 2087 modo
568 2044 786 2098 pietatem,
818 2042 1116 2096 constantiam,
1154 2043 1419 2098 dignitatem,
1465 2041 1816 2094 moderationem,

284 2119 559 2173 gravitatem,
606 2131 753 2162 omnes
800 2118 981 2171 denique
1016 2118 1198 2162 virtutes
1230 2118 1530 2162 commendare
1574 2118 1697 2170 solet,
1743 2117 1817 2161 sed

283 2195 441 2238 iterum
473 2199 602 2248 atque
632 2194 790 2238 iterum
820 2195 874 2238 de
919 2194 1127 2238 uxoribus
1171 2207 1257 2237 non
1302 2194 1526 2246 divitibus,
1573 2193 1649 2236 sed
1695 2191 1817 2235 bonis

284 2274 415 2324 atque
445 2271 662 2314 nobilibus
693 2270 899 2315 ducendis
930 2274 974 2313 et
1003 2270 1056 2313 de
1087 2269 1234 2313 liberis
1266 2269 1448 2312 fortibus
1480 2281 1532 2312 ac
1563 2268 1686 2312 bonis
1717 2280 1815 2321 pro·
1884 2264 1885 2267 ’

284 2347 480 2391 creandis
512 2351 669 2390 monet.
744 2347 829 2389 Illa
860 2346 1052 2389 virorum
1098 2346 1323 2389 doctorum
1368 2344 1581 2389 sententia
1625 2344 1663 2387 si
1712 2356 1818 2387 vera

283 2427 410 2476 esset,
456 2424 614 2466 multos
661 2434 764 2466 sane
795 2434 948 2466 versus
995 2434 1154 2475 eosque
1190 2421 1376 2475 optimos
1407 2431 1435 2463 a
1463 2419 1710 2474 Theognide
1742 2420 1817 2463 ab·

285 2499 476 2542 iudicare
492 2510 756 2553 cogeremur.
803 2498 867 2542 Ut
885 2498 1060 2541 tandem
1082 2495 1312 2550 aliquando
1332 2499 1469 2539 totam
1485 2495 1819 2549 disputationem

285 2575 605 2627 concludamus,
638 2587 679 2616 v.
702 2577 788 2616 409
821 2578 865 2616 et
884 2576 970 2615 410
1000 2571 1240 2626 Theognidi
1270 2570 1354 2624 ipsi
1384 2570 1692 2614 adscribendos
1723 2582 1818 2614 esse

275 2664 450 2695 censeo.

400 2727 565 2769 Versus
596 2729 828 2768 415—-418
859 2725 903 2768 in
933 2724 977 2767 A
1003 2728 1047 2768 et
1076 2723 1114 2768 O
1145 2722 1209 2767 sic
1238 2723 1456 2776 leguntur:

564 2806 698 2848 0033&
731 2808 850 2861 ὁμοῖον
883 2806 962 2861 ἐμοὶ
991 2806 1148 2860 δύναμαι
1177 2804 1380 2860 διζήμενος
1411 2803 1527 2860 εὑρεῖν

563 2876 686 2917 πιστὸν
719 2876 873 2933 ἑταῖρον,
903 2877 979 2932 ὅτῳ
1010 2878 1120 2931 μήτις
1150 2874 1266 2915 ἔνεστ’.
1296 2873 1417 2919 δόλος.

565 2946 606 2991 ἐς
637 2945 797 3000 βάσανον
827 2944 992 2986 δ’ἐλθὼν
1023 2943 1292 3002 παρατρίβομαι
1323 2942 1423 2984 ὥστε
1454 2941 1631 2997 μολύβδῳ

564 3019 713 3072 χρυσός,
746 3015 960 3071 ὑπερτερίης
990 3014 1140 3069 &dignm
1172 3014 1287 3055 ἔνεστ’.
1317 3013 1439 3067 λόγος,
