2098 3406
940 309 1225 348 „24—

316 435 364 475 In
394 446 434 475 v.
467 437 550 476 441
585 435 667 489 γάρ,
699 433 811 486 quod
843 432 986 485 priore
1016 433 1110 476 loco
1140 433 1185 475 A
1215 433 1411 486 praebet,
1458 432 1604 476 omisit
1633 433 1691 486 O,
1735 433 1852 478 insta

315 508 357 550 in
389 508 556 552 duobus
589 509 806 551 codicibus
838 510 993 551 exstat.
1071 508 1194 562 Quae
1226 508 1442 561 particula
1469 520 1566 551 cum
1594 513 1848 563 argumento

315 583 372 626 sit
402 584 510 627 haec
540 584 725 627 disticha
755 582 857 626 olim
888 583 1021 627 fuisse
1051 583 1279 626 coniuncta
1314 595 1412 626 cum
1447 583 1663 637 prioribus
1701 584 1848 628 nescio

315 659 471 712 quibus
501 659 713 711 versibus,
762 661 878 701 certe
914 671 999 702 non
1043 658 1111 711 iis,
1157 658 1230 711 qui
1275 658 1319 701 in
1350 658 1472 702 codd.
1503 659 1630 702 hodie
1661 659 1848 703 servatis

315 734 571 778 antecedunt
615 734 671 788 (v.
703 733 955 790 439—440)
1000 746 1084 777 non
1129 734 1266 788 magis
1313 734 1560 787 importuna
1603 738 1671 779 est
1715 747 1844 789 quam

314 813 444 858 πάντα,
460 809 573 862 quod
600 821 729 862 quam
751 813 851 863 apte
873 822 969 852 cum
986 809 1190 863 πανάλβιος
1210 809 1408 864 coniungi
1436 810 1635 864 potuerit,
1665 811 1845 854 Passow

315 885 524 937 ostendit3
563 884 615 927 cf.
646 885 837 928 Bekkeri
874 885 1191 928 adnotationem
1224 885 1279 928 ad
1310 898 1352 928 v.
1382 889 1467 928 441
1506 890 1550 929 et
1578 886 1845 930 Lobeckium

314 960 369 1003 ad
402 960 600 1013 Sophocl.
624 960 745 1003 Aiac.
777 973 818 1003 v.
842 963 926 1002 866
958 963 1003 1003 et
1031 973 1074 1003 v.
1109 964 1233 1003 1415.
1294 961 1449 1014 Itaque
1479 973 1560 1004 nec
1589 961 1847 1005 coniecturis

313 1035 576 1079 removenda
605 1048 683 1079 nec
714 1035 916 1078 cancellis
947 1035 1182 1089 saepienda
1210 1042 1320 1080 sunt.
1394 1036 1445 1079 In
1475 1050 1517 1079 v.
1548 1041 1634 1079 442
1666 1037 1704 1082 O
1734 1037 1849 1080 infra

312 1124 395 1154 non
419 1111 520 1165 κούκ,
552 1111 628 1154 sed
651 1111 729 1159 οὐκ,
759 1114 940 1164 uterque
960 1110 1074 1154 infra
1095 1111 1280 1166 ἐπίδηλον,
1309 1112 1354 1154 A
1376 1112 1519 1166 priore
1543 1114 1638 1156 loco
1654 1113 1758 1166 ὁμῶς
1773 1125 1846 1156 ex-

312 1187 444 1230 hibet.
523 1187 589 1230 Ut
638 1187 862 1230 mittamus
908 1186 1149 1230 levidenses
1203 1187 1516 1241 discrepantias
1569 1188 1845 1232 librariorum

313 1263 443 1316 culpa
474 1266 592 1306 ortas
623 1287 678 1293 —
710 1263 814 1316 ὂμως
844 1265 888 1305 et
915 1263 1019 1316 ὁμῶς
1050 1275 1180 1316 quam
1212 1275 1342 1316 saepe
1369 1265 1554 1307 alterum
1587 1264 1715 1307 alteri
1745 1265 1846 1308 sub-

312 1338 519 1382 stituatur
549 1341 718 1381 constat
747 1339 799 1381 cs.
831 1351 872 1381 v.
899 1341 1010 1381 1029
1043 1341 1087 1382 et
1115 1339 1383 1382 Lobeckium
1414 1339 1470 1383 ad
1502 1339 1700 1393 Sophocl.
1716 1339 1842 1383 Aiac.

310 1427 351 1457 v.
387 1418 497 1458 1372
531 1439 586 1445 —-
618 1418 802 1469 apparet
834 1414 1007 1469 ἐπίδηλον
1044 1415 1252 1469 scriptum
1289 1428 1384 1459 esse
1421 1417 1476 1459 ab
1523 1416 1694 1459 homine
1739 1429 1846 1470 quo-

310 1490 425 1543 dam,
453 1491 527 1543 qui
548 1503 646 1534 cum
666 1491 899 1545 ignoraret,
921 1503 1006 1544 quo
1026 1492 1318 1535 nominativus
1338 1491 1585 1545 pertineret,
1607 1492 1846 1545 depravato

311 1578 440 1610 sensu
487 1566 786 1610 accusativum
839 1566 895 1610 ad
947 1567 1203 1611 antecedens
1248 1567 1289 1608 τὸ
1334 1567 1446 1608 κακὸν
1491 1567 1641 1611 referri
1691 1568 1843 1611 voluit.

311 1642 528 1696 Quidnam
552 1643 647 1686 vult
677 1645 829 1695 poeta?
873 1642 1020 1685 Bonos
1066 1642 1260 1686 homines
1307 1643 1423 1696 dicit,
1469 1643 1508 1686 si
1538 1643 1640 1696 quid
1671 1643 1844 1687 adversi

310 1717 535 1771 acciderit,
581 1717 626 1761 id
656 1718 847 1771 perferre
877 1730 1015 1770 neque
1045 1718 1089 1760 in
1119 1719 1235 1761 malo
1266 1719 1516 1762 sustinendo
1547 1719 1737 1773 gloriari,
1769 1719 1844 1763 sed

309 1794 403 1837 sive
439 1794 560 1837 fortis
600 1794 768 1837 animus
796 1795 851 1837 ab
880 1793 979 1837 aliis
1001 1797 1300 1849 cognoscatur,
1324 1794 1417 1838 sive
1438 1808 1524 1838 non
1545 1798 1844 1850 cognascatur,

311 1871 513 1924 perferre.
574 1869 685 1913 Vide
731 1869 837 1912 mihi
874 1882 1004 1923 quam
1041 1873 1142 1923 apte
1178 1870 1261 1913 hoc
1296 1871 1391 1914 loco
1424 1871 1528 1925 ὅμως
1557 1870 1844 1924 postpositum

312 1946 380 1989 sit.
441 1946 493 1988 B.
525 1945 734 1998 Keilium,
781 1959 822 1988 v.
856 1946 911 1998 d.,
958 1945 1031 1999 qui
1075 1946 1120 1988 in
1149 1947 1342 1989 Hermae
1374 1948 1459 2004 vol.
1490 1946 1649 1990 XXIII
1685 1959 1726 2000 p.
1759 1949 1846 1989 380

311 2021 588 2064 adnotatione
623 2021 766 2075 prima
801 2025 977 2075 propter
1007 2023 1226 2075 copulam,
1258 2034 1368 2075 quae
1398 2022 1442 2065 in
1471 2021 1560 2063 κούκ
1590 2022 1719 2076 inest,
1750 2022 1845 2066 fieri

312 2110 439 2151 posse
469 2100 617 2152 negat,
647 2100 696 2140 ut
725 2098 829 2151 ὅμως
859 2098 1044 2152 legatur,
1075 2110 1144 2140 me
1175 2102 1259 2141 non
1289 2099 1539 2153 intellegere
1575 2099 1725 2142 fateor.
1791 2098 1842 2140 In

310 2173 506 2227 proximo
543 2185 674 2216 versu
709 2173 797 2216 noli
833 2173 982 2216 mirari
1018 2173 1061 2216 in
1098 2174 1136 2218 O
1173 2174 1360 2228 ἀγαθοῖσιν
1399 2177 1443 2217 et
1471 2178 1631 2214 κακοῖσιν
1661 2173 1845 2217 traiecta

311 2261 425 2301 esse3
472 2249 699 2302 sapissime
745 2249 856 2291 enim
902 2249 1064 2293 factum
1095 2253 1180 2302 est,
1226 2253 1275 2293 ut
1319 2250 1426 2293 haec
1457 2249 1672 2292 adiectiva
1701 2250 1842 2292 locum
1891 2271 1893 2273 ·

309 2324 421 2368 inter
450 2337 497 2368 se
528 2328 757 2367 mutarent.
833 2326 931 2369 Hoc
961 2338 1064 2368 vero
1100 2326 1195 2368 loco
1227 2338 1311 2368 non
1341 2329 1409 2369 est
1438 2325 1628 2373 dubium,
1658 2325 1761 2379 quin
1791 2337 1845 2368 ea

310 2402 404 2444 sola
435 2400 747 2443 adiectivorum
778 2400 1003 2443 collocatio
1031 2413 1139 2444 vera
1168 2401 1237 2454 sit,
1269 2413 1381 2454 quae
1412 2401 1572 2444 codicis
1592 2401 1637 2444 A
1659 2401 1844 2444 auctori-

309 2480 401 2520 tate
432 2476 601 2520 duobus
632 2476 738 2520 locis
770 2477 1091 2520 comuendetur.
1153 2476 1267 2531 Quid
1299 2476 1438 2519 enim?
1470 2477 1643 2529 qualem
1675 2479 1845 2520 senten-

309 2552 414 2595 tiam
446 2556 576 2606 poeta
606 2552 850 2606 exprimere
870 2553 991 2596 vult?
1022 2553 1260 2605 Postquam
1286 2551 1514 2595 luculentis
1536 2552 1680 2596 verbis
1702 2552 1843 2596 virum

312 2628 469 2671 bonum
500 2627 603 2670 mali
636 2640 731 2671 esse
766 2628 1001 2682 patientem
1039 2627 1257 2682 exposuit,
1302 2627 1460 2682 pergit:
1506 2639 1667 2682 pravus
1699 2631 1843 2671 autem

309 2715 446 2755 neque
476 2702 519 2745 in
550 2703 680 2747 rebus
711 2704 909 2748 secundis
940 2717 1078 2757 neque
1107 2704 1151 2746 in
1182 2703 1377 2747 adversis
1408 2703 1491 2747 scit
1520 2703 1648 2757 quid?
1679 2703 1841 2757 paulis-

310 2791 387 2831 per
418 2778 628 2832 opperire,
661 2791 836 2833 quaeso,
868 2779 969 2823 dum
996 2780 1049 2823 de
1069 2793 1110 2823 v.
1132 2783 1218 2822 444
1239 2779 1564 2833 exposuerimus
1595 2778 1844 2823 lectionum-

311 2867 393 2907 que
424 2854 759 2908 discrepantiam
789 2855 1154 2910 perpenderimus.
1214 2855 1387 2899 Etenim
1419 2868 1517 2899 cum
1546 2855 1591 2899 A
1621 2859 1665 2899 et
1694 2855 1732 2901 Ο
1763 2855 1846 2898 hoc

310 2931 404 2973 loco
441 2930 560 2983 θυμὸν
604 2930 704 2986 ἔχων
748 2932 888 2984 μίμνειν
925 2931 1175 2984 exhibeant,
1230 2930 1273 2973 in
1317 2930 1543 2989 iteratione
1586 2930 1705 2984 θυμὸν
1740 2931 1845 2984 ὁμῶς

311 3007 446 3059 μίσγειν
483 3006 692 3058 praebent
726 3018 862 3059 neque
899 3006 1126 3059 quisquam
1171 3006 1268 3050 inde
1304 3007 1360 3050 ab
1388 3006 1438 3050 J.
1469 3005 1658 3050 Bekkeri
1704 3006 1846 3059 prima
