2098 3406
897 284 1188 324 ..15-

379 413 515 456 Recte
547 411 832 465 Studemund,
865 411 933 454 vir
963 410 1257 465 doctissimus,
1290 410 1348 466 (p.
1377 409 1452 466 36)
1489 409 1605 453 docti
1638 408 1824 453 alieuius

262 490 438 534 lectoris
469 502 647 533 manum
679 493 905 543 tamquam
934 489 1080 532 10611111
1111 488 1375 542 parallelum
1408 486 1466 530 ad
1485 500 1528 530 v.
1552 490 1638 529 642
1671 485 1824 540 appin-

263 566 380 611 xisse
411 566 685 610 notissimam
716 566 838 610 illam
860 569 992 620 atque
1013 565 1071 609 ad
1092 565 1286 609 taedium
1308 564 1541 620 repetitam
1563 564 1825 608 sententiam

261 648 400 698 putat.
463 643 585 687 Nihil
622 644 757 699 igitur
793 643 1079 688 dubitationis
1115 642 1318 686 relietum
1360 641 1414 686 iri
1452 654 1683 696 speramus
1720 641 1824 695 quin

261 721 477 765 sententia
507 721 652 776 priore
679 722 776 765 loeo
797 720 963 765 tradita
988 720 1223 775 genuinam
1254 732 1362 774 prae
1394 733 1442 763 se
1473 719 1587 763 ferat
1616 718 1823 774 speeiem.

378 799 501 842 Idem
533 798 741 842 iudicium
773 798 879 842 mihi
910 798 1084 852 quidem
1122 798 1335 870 ferent-um
1367 797 1542 840 videtur
1578 797 1632 840 de
1662 810 1703 840 v.
1737 800 1824 840 209

263 873 306 913 et
327 873 414 913 210

547 928 684 975 Οὐδείς
714 943 767 970 τοι
799 929 966 986 φεύγοντι
998 929 1108 986 φίλος
1138 928 1201 970 καὶ
1231 928 1358 974 πιστὸς
1390 927 1535 984 ἑταῖρος

544 1006 615 1057 τῆς
639 1000 688 1042 ’δε
718 1005 840 1057 φυγῆς
873 999 969 1041 ἐστιν
1000 1000 1099 1042 τοῦτ’
1134 1001 1381 1057 ἁνιηρότερον.

379 1085 429 1128 In
462 1084 610 1128 codiee
640 1084 684 1127 A
715 1087 886 1127 tantum
918 1083 963 1127 hi
994 1096 1151 1127 versus
1184 1087 1284 1138 post
1314 1097 1356 1126 v,
1386 1086 1471 1126 332
1505 1082 1569 1127 sie
1599 1083 1824 1138 leguntur:

546 1160 629 1203 Οὐκ
661 1161 758 1203 ἐστιν
790 1161 957 1218 φεύγοντι
988 1161 1097 1218 φίλος
1127 1161 1189 1202 καὶ
1220 1160 1347 1207 πιστὸς
1378 1159 1522 1217 ἑταῖρος

543 1238 615 1289 τῆς
645 1231 686 1274 δὲ
718 1238 840 1289 φυγῆς
873 1232 970 1274 ἐστιν
1001 1232 1099 1273 τοῦτ’
1134 1234 1386 1289 ἀνιηρότατον.

377 1317 419 1360 N
423 1329 476 1359 on
508 1329 688 1370 possum
720 1328 806 1359 non
838 1316 1067 1360 adversari
1088 1315 1280 1370 Bergkio
1304 1319 1348 1358 et
1369 1316 1623 1359 Hermanno
1648 1315 1826 1359 Schnei-

262 1393 417 1447 dewin,
456 1406 641 1447 quorum
663 1397 849 1447 uterque
878 1393 1153 1437 consentiens
1175 1405 1274 1436 eum
1290 1391 1635 1446 Kuellenbergio
1659 1393 1717 1448 (p.
1736 1394 1825 1447 32).

262 1470 527 1524 Theognidis
558 1471 698 1514 verba
729 1470 900 1514 fidelius
933 1473 1114 1514 servata
1145 1483 1241 1514 esse
1274 1474 1403 1523 putat
1433 1482 1505 1523 ea,
1543 1482 1656 1524 quae
1688 1471 1826 1513 altero

262 1548 358 1591 1060
395 1548 585 1591 traditur
615 1547 801 1592 lectione
834 1552 876 1591 et
907 1547 1153 1603 Cruegero¹
1186 1548 1366 1602 eiusque
1405 1547 1617 1601 magistro
1653 1547 1826 1590 Jordan

263 1625 621 1679 adstipulandum
660 1637 837 1678 6611860,
876 1625 950 1678 qui
987 1639 1029 1668 v.
1069 1628 1155 1668 209
1193 1625 1428 1680 genuinam
1466 1625 1697 1668 leet-ionem
1736 1637 1826 1668 ser—

262 1706 412 1745 vatam
459 1705 627 1755 putant.
695 1702 795 1744 Non
843 1701 970 1745 facile
1015 1701 1220 1755 cuiquam
1267 1701 1606 1756 persuadebitur
1644 1701 1710 1742 οὐκ
1749 1702 1829 1742 ἐστι

263 1791 515 1833 germanam
549 1791 645 1822 esse
676 1779 919 1832 lectionem,
953 1779 1029 1822 sed
1061 1783 1110 1822 ut
1142 1779 1315 1822 distichi
1349 1779 1577 1822 exordium
1608 1778 1652 1821 in
1683 1779 1827 1822 medio

264 1855 580 1910 relinquamus,
629 1869 770 1899 nonne
808 1856 949 1899 exitus
987 1857 1124 1900 multo
1164 1856 1326 1900 clarior
1369 1860 1412 1899 et
1448 1856 1616 1899 firmior
1652 1855 1828 1899 videtur

265 1933 564 1987 comparativo
603 1933 818 1987 adhibito,
863 1934 936 1988 qui
973 1934 1081 1977 nihil
1119 1933 1405 1977 dubitationis
1443 1933 1682 1988 relinquat,
1722 1947 1828 1988 quo·

265 2010 392 2054 modo
424 2010 654 2065 genetivus
687 2017 757 2068 τῆς
787 2010 828 2052 δὲ
857 2017 978 2068 φυγῆς
1008 2011 1327 2066 intellegendus
1360 2011 1429 2064 sit,
1462 2023 1595 2065 quam
1626 2012 1827 2055 sollemni

264 2087 342 2131 illa
364 2088 621 2142 superlativi
643 2089 797 2142 forma,
825 2102 938 2143 quae
961 2093 1117 2143 quater
1138 2088 1181 2131 in
1204 2088 1495 2143 Theognideis
1519 2089 1577 2144 (v.
1605 2092 1702 2142 124,
1726 2092 1826 2131 258.

265 2168 365 2219 812,
401 2165 532 2222 1256)
565 2165 778 2209 occurrit?

383 2243 480 2286 Non
513 2248 657 2297 potest
688 2256 742 2286 ne
774 2243 957 2298 eogitari
995 2243 1169 2297 quidem
1207 2243 1275 2287 vis
1308 2243 1548 2286 sententiae
1580 2243 1829 2287 absolutius

267 2322 398 2372 atque
428 2319 663 2373 perfectius
696 2333 907 2374 expressa
939 2333 1071 2374 quam
1105 2320 1168 2364 eis
1199 2321 1367 2374 verbis,
1407 2333 1520 2375 quae
1553 2321 1698 2375 priore
1730 2321 1827 2364 1060

267 2395 428 2450 duplici
465 2397 661 2440 codicum
695 2398 738 2440 A
777 2401 821 2441 et
852 2398 890 2442 Ο
927 2397 1175 2442 testimonio
1214 2398 1383 2442 munita
1419 2399 1636 2454 leguntur.
1700 2398 1829 2453 Quod

268 2477 413 2516 autem
444 2473 662 2528 Bergkius
694 2488 734 2518 v.
760 2478 845 2517 209
874 2479 917 2517 et
946 2477 1032 2517 210
1064 2478 1163 2528 post
1191 2488 1232 2517 v.
1256 2479 1341 2518 332
1375 2476 1470 2518 1060
1504 2487 1609 2518 sane
1641 2487 1830 2519 601111110-

267 2550 444 2594 dissimo
482 2551 662 2595 iteratos
700 2556 866 2605 censet,
905 2552 1011 2595 mihi
1049 2552 1223 2605 quidem
1262 2565 1388 2595 secus
1420 2553 1595 2595 videtur
1627 2553 1828 2607 repetitio

265 2627 352 2670 ista
393 2628 561 2672 insulsa
602 2629 716 2672 male
759 2641 812 2673 ao
853 2629 1059 2681 molesta,
1103 2633 1152 2672 ut
1193 2628 1358 2673 Catulli
1400 2629 1548 2673 verbis
1585 2634 1699 2673 utar.
1767 2630 1829 2672 Hi

267 2717 420 2748 versus
457 2709 555 2758 post
601 2719 643 2748 v.
682 2710 767 2749 332
812 2719 940 2750 suum
986 2707 1131 2749 10611111
1178 2719 1262 2749 11011
1309 2707 1491 2759 habent,
1530 2706 1607 2749 sed
1652 2707 1829 2750 lectoris

269 2794 400 2825 manu
438 2781 575 2825 additi
613 2787 733 2837 sunt,
772 2784 845 2837 qui
883 2797 969 2827 non
1009 2787 1129 2827 recto
1168 2783 1327 2827 iudicio
1367 2796 1473 2827 usus
1511 2784 1661 2838 aliqua
1698 2797 1829 2839 argu-

268 2858 400 2902 menti
431 2858 750 2903 necessitudine
782 2873 879 2903 eum
911 2874 953 2903 v.
978 2864 1062 2903 333
1096 2864 1138 2903 et
1166 2864 1253 2903 334

363 2947 376 2972 ¹
397 2948 442 2983 O.
461 2947 650 2992 Crueger:
689 2949 747 2983 De
763 2949 940 2984 locorum
958 2949 1302 2994 Theognideorum
1320 2950 1428 2993 apud
1446 2953 1596 2986 veteres
1614 2951 1830 2995 scriptores

268 3002 508 3037 exstantium
526 3002 574 3036 ad
592 3004 745 3036 textum
761 3006 899 3046 poetae
917 3003 1204 3038 emendandum
1224 3003 1362 3046 pretio.
1405 3004 1646 3048 Regimontii
1673 3005 1828 3039 dissert.

266 3055 487 3100 inaugural.
517 3056 617 3090 1882.
