2098 3406
941 329 1226 368 -34ss

319 457 509 507 —1278‚
559 456 713 508 quibus
763 454 976 496 sententia
1024 453 1077 497 de
1127 464 1277 496 amore
1327 453 1549 496 sollemnis
1594 453 1848 507 continetur,

317 529 451 573 additi
489 529 577 573 sint
612 529 783 573 difficile
820 532 887 571 est
922 528 979 572 ad
1016 528 1256 572 dicendum.
1319 528 1529 582 Quamvis
1565 528 1670 572 nihil
1706 529 1751 572 in
1786 529 1849 573 eis

316 605 430 659 insit,
461 605 573 659 quod
605 605 660 648 ad
691 617 921 658 puerorum
953 617 1144 648 amorem
1172 604 1322 646 referri
1349 604 1491 657 debet,
1521 607 1667 648 tamen
1687 605 1851 648 erotica

316 681 528 734 quaedam
584 680 649 723 vis
700 679 762 723 eis
805 679 1015 723 attributa
1056 680 1237 733 ideoque
1279 679 1476 723 versibus
1521 680 1658 724 additi
1702 681 1849 725 viden-

317 760 402 809 tur,
444 756 487 798 in
527 755 680 808 quibus
722 755 775 798 de
815 767 963 798 amore
1005 755 1162 810 agitur.
1228 755 1460 799 Accuratis
1497 756 1609 799 enim
1640 756 1850 800 Corsenni

316 831 636 884 quaestionibus
667 834 836 874 constat
866 831 1115 885 appendicis
1142 834 1363 874 auctorem
1391 844 1414 874 e
1435 831 1577 885 priore
1599 832 1849 876 collectione

317 907 531 960 permulta
559 906 604 949 in
634 919 760 950 usum
792 920 919 950 suum
941 907 1216 950 convertisse.
1269 907 1314 950 Is
1336 910 1495 961 autem,
1516 907 1589 961 qui
1611 912 1655 951 et
1674 908 1850 963 integris

316 982 512 1025 versibus
543 986 587 1024 et
615 995 817 1026 versuum
851 983 1048 1036 partibus
1079 986 1123 1026 et
1153 982 1321 1026 dicendi
1352 982 1548 1027 formulis
1575 983 1630 1027 ad
1657 983 1851 1027 carmina

314 1057 529 1100 amatoria
558 1059 786 1112 pangenda
815 1071 919 1102 usus
950 1062 1029 1111 est,
1061 1071 1200 1102 nonne
1230 1071 1434 1112 perverso
1465 1059 1606 1102 studio
1637 1059 1849 1104 adductus

314 1133 356 1175 id
394 1145 582 1187 quoque,
620 1134 733 1187 quod
771 1134 916 1188 aliquo
955 1134 1083 1178 modo
1120 1134 1173 1178 de
1210 1147 1440 1188 puerorum
1478 1147 1625 1179 amore
1660 1135 1850 1190 intellegi

313 1212 472 1262 potest,
519 1209 752 1263 arripuisse
799 1210 1035 1254 censendus
1081 1210 1173 1253 est?
1233 1210 1305 1254 An
1351 1223 1448 1254 cum
1486 1211 1674 1266 Bergkio
1720 1215 1849 1266 putas

313 1284 524 1327 distichon
561 1298 615 1327 ex
645 1285 820 1326 παιδικῶν
850 1286 1067 1329 volumine
1104 1286 1148 1328 in
1185 1286 1370 1340 priorem
1410 1272 1554 1330 locum'
1589 1288 1848 1331 translatum

313 1362 432 1403 esse?
482 1361 568 1404 Vix
598 1361 868 1405 crediderim.

431 1455 550 1509 Quos
580 1467 733 1499 versus
764 1454 960 1509 sequitur
990 1455 1216 1509 distichon,
1249 1455 1363 1510 quod
1392 1455 1505 1499 idem
1538 1460 1603 1499 est
1633 1469 1685 1500 ac
1700 1469 1741 1500 v.
1765 1460 1849 1500 949

317 1534 480 1573 —950:

595 1605 739 1664 Νεβρὸν
771 1599 864 1654 ὑπὲξ
897 1606 1051 1663 ἐλάφοιο
1079 1606 1181 1648 λέων
1212 1606 1266 1653 ὡς
1296 1607 1382 1649 ἀλκὶ
1412 1609 1600 1654 πεποιθώς

592 1678 696 1718 ποσσί
726 1679 978 1734 καταμάρψας
1008 1677 1162 1731 αἵματος
1191 1677 1256 1718 οὐκ
1288 1677 1397 1719 ἔπιον.

433 1777 544 1821 Sunt
573 1776 617 1819 hi
648 1789 801 1820 versus
833 1777 1057 1820 exordium
1089 1777 1293 1832 longioris
1326 1778 1499 1832 eclogae
1521 1777 1677 1831 prioris
1698 1778 1851 1821 collec-

316 1852 464 1906 tionis,
502 1865 613 1906 quae
650 1865 674 1895 e
710 1852 849 1896 tribus
886 1852 1080 1896 distichis
1117 1856 1289 1897 constat
1324 1865 1506 1907 cumque
1542 1866 1714 1907 versus,
1745 1865 1851 1907 quos

317 1928 513 1982 laudavi,
549 1928 742 1983 intellegi
777 1941 862 1972 non
900 1928 1068 1982 possint
1108 1928 1190 1972 nisi
1231 1932 1324 1972 tota
1367 1930 1517 1984 ecloga
1558 1930 1852 1986 imprimisque

318 2005 467 2048 ultimo
510 2004 692 2048 disticho
734 2004 878 2059 lectiS‚
920 2008 1059 2048 totam
1101 2005 1344 2048 exscribere
1385 2019 1469 2050 non
1511 2005 1850 2060 dedignabimur.

317 2080 466 2135 Pergit
494 2080 626 2135 igitur
655 2083 783 2134 poeta
814 2081 880 2123 his
911 2081 1128 2124 versibus:

595 2174 750 2231 τειχέων
781 2174 977 2230 δ’ὁψηλῶν
1009 2174 1141 2229 ἐπιβάς
1169 2175 1274 2216 πόλιν
1305 2174 1369 2215 οὐκ
1400 2167 1581 2222 ἀλάπαξα

598 2237 833 2299 ζευξάμενος
861 2244 1027 2291 δ’ἶππους
1055 2246 1221 2302 ἅρματος
1250 2244 1316 2286 οὐκ
1347 2244 1486 2300 ἐπέβην

596 2307 747 2372 πρήξας
776 2314 877 2355 ’δὀὐκ
909 2307 1056 2372 ἔπρηξα
1085 2314 1146 2355 καὶ
1177 2314 1240 2356 οὐκ
1269 2314 1449 2356 ἐτέλεσσα
1479 2314 1637 2360 τελέσας

596 2385 740 2442 ῧρήσας
768 2384 870 2425 δὀὐκ
901 2384 1045 2442 έῧρησ’,
1074 2385 1194 2440 ἤνυσα
1223 2385 1324 2426 δὀὐκ
1355 2384 1503 2430 ἀνύσας.

436 2479 575 2534 Quid?
606 2482 720 2532 quod
751 2479 829 2522 hos
859 2491 1012 2522 versus
1033 2478 1311 2523 Camerarius
1341 2477 1542 2532 aenigma
1572 2477 1791 2522 existimat
1810 2482 1853 2521 et

320 2555 522 2599 Welcker
555 2555 587 2598 J
589 2554 736 2598 acobsi
772 2555 1028 2599 sententiam
1066 2559 1241 2599 secutus
1282 2554 1538 2609 aenigmatis
1576 2566 1748 2598 sensum
1789 2554 1852 2598 ita

320 2631 472 2684 aperit,
504 2634 552 2674 ut
583 2631 695 2674 hunc
725 2643 893 2684 quoque
925 2631 1064 2674 locum
1098 2631 1154 2674 ad
1184 2630 1306 2685 pueri
1340 2642 1531 2674 amorem
1562 2630 1734 2674 referat.

435 2724 810 2779 Quotienscunque
842 2726 918 2768 hos
949 2737 1102 2769 versus
1131 2724 1217 2779 legi
1247 2724 1492 2768 Homericis
1523 2723 1757 2767 luminibus
1786 2723 1849 2767 di-

320 2800 441 2843 cendi
473 2803 661 2853 ornatos,
693 2812 909 2853 nunquam
941 2800 1053 2843 istuc
1082 2799 1286 2854 delapsus
1317 2812 1433 2854 sum,
1470 2799 1584 2853 quod
1615 2798 1851 2842 doctissimi

319 2877 383 2919 illi
413 2876 495 2919 viri
526 2875 607 2919 sibi
639 2880 968 2929 persuaserunt,
1006 2876 1081 2919 sed
1113 2875 1415 2920 existimabam
1453 2879 1497 2919 et
1527 2875 1667 2919 adhuc
1697 2886 1851 2918 censeo

320 2964 414 2996 esse
444 2963 520 2995 eos
550 2964 702 2995 versus
723 2952 996 3006 Theognidis,
1029 2951 1101 3005 qui
1133 2951 1430 3005 desperatione
1461 2952 1624 2995 fractus
1645 2963 1782 3003 neque
1807 2950 1851 2994 in

320 3028 492 3082 privata
538 3039 674 3080 neque
718 3027 762 3069 in
812 3028 986 3080 publica
1035 3027 1127 3071 vita
1177 3027 1259 3071 sibi
1309 3027 1543 3081 quidquam
1593 3025 1851 3070 successisse
