2098 3406
923 293 1137 331 .-41

256 420 318 462 bis
349 419 390 461 in
422 422 542 462 text-u
574 420 800 470 legeretur,
832 416 908 459 sed
940 417 1083 469 potius
1115 420 1211 458 utro
1243 417 1336 459 loco
1367 417 1517 459 melius
1540 420 1583 459 et.
1612 415 1779 458 fidelius

253 498 472 537 servatum
520 494 588 545 sit,
635 496 727 535 tota
772 492 1036 544 quaestione,
1082 504 1193 545 quae
1239 495 1305 535 est
1341 491 1394 534 de
1447 491 1614 534 iteratis
1666 491 1780 544 apud

253 569 541 623 Theognidem
588 567 799 618 distichis,
852 571 1088 611 retractata
1141 567 1312 609 minime
1358 572 1457 610 acta
1502 579 1632 620 agere
1679 566 1779 609 mihi

252 645 412 688 videor.

370 719 479 763 Cum
512 719 564 761 de
600 717 796 761 distichis
840 722 1007 761 tantum
1053 718 1095 760 in
1127 717 1412 771 Theognideis
1457 717 1652 771 repetitis
1697 717 1783 759 dis-

257 799 408 849 putare
439 798 632 837 nostrum
663 794 733 847 sit,
765 794 953 837 breviter
980 805 1203 836 monemus
1226 792 1418 846 singulos
1440 804 1607 846 quoque
1628 803 1783 836 versus

256 871 460 924 repetitos
490 869 685 912 inveniri.
739 869 931 924 Quorum
970 869 1161 911 nonnulli
1202 869 1258 911 ad
1284 869 1463 911 verbum
1494 867 1637 911 iterati
1667 872 1785 910 utro·

255 958 336 998 que
367 946 460 988 loco
493 945 764 998 aptissimum
797 945 1006 998 praebent
1050 957 1222 987 sensum
1267 956 1404 996 neque
1449 944 1625 996 mirum,
1671 943 1784 996 quod

255 1022 365 1064 tales
411 1033 584 1073 versus,
631 1033 737 1073 quos
784 1020 826 1063 in
871 1021 1161 1063 formularum·
1202 1032 1380 1062 numero
1426 1020 1588 1063 habere
1632 1019 1786 1072 possis,

255 1097 428 1149 saepius
450 1097 676 1139 intervallo
700 1095 815 1139 haud
838 1096 902 1139 ita
927 1107 1083 1149 magno
1107 1099 1349 1147 occurrunt,
1378 1095 1499 1138 velut
1519 1098 1788 1148 pentameter

633 1179 664 1218 εἰ
694 1178 747 1232 μὴ
780 1177 874 1232 ἐμὴν
902 1179 1054 1232 γνώμην
1086 1170 1298 1224 ἐξαπατῶσι
1328 1177 1406 1217 θεοί

257 1263 298 1302 et
329 1260 371 1302 in
404 1273 443 1301 v.
477 1263 562 1301 540
593 1263 636 1302 et
666 1263 751 1302 554
783 1263 938 1302 exstat.

373 1335 438 1377 Ne
476 1334 651 1377 Ricardi
687 1334 1014 1388 Kuellenbergii
1059 1333 1403 1376 dissertationem
1451 1333 1502 1376 de
1548 1332 1787 1375 imitatione

257 1409 533 1464 Theognidea
562 1408 863 1465 (Argentorati
897 1410 1025 1464 1877)
1058 1409 1365 1460 exscribamus,

654 1491 875 1548 ἀνθρώπων,
906 1492 1060 1536 ὁπόσους
1090 1491 1218 1545 ἠέλιος
1246 1490 1392 1546 καθορᾷ

261 1574 317 1627 (v.
356 1577 434 1615 168
467 1577 511 1616 et
540 1574 643 1628 850)
674 1576 938 1627 depromam.
1014 1573 1123 1615 Item
1157 1571 1264 1615 satis
1295 1571 1377 1614 erit
1408 1571 1541 1614 verbo
1572 1571 1789 1619 monuisse

258 1662 368 1701 eum,
401 1650 474 1702 qui
504 1649 783 1703 appendicem
815 1649 1116 1702 composuerit,
1149 1652 1319 1701 poetam
1351 1646 1566 1700 impurum
1599 1658 1652 1689 ex
1688 1658 1790 1699 gno-

260 1725 380 1768 micis
411 1737 563 1768 versus
594 1726 783 1767 furat-um
816 1724 973 1777 partim
1006 1723 1060 1766 ad
1094 1723 1272 1766 verbum
1311 1722 1585 1776 repetivisse,
1633 1721 1787 1774 partim

260 1801 475 1844 levissime
507 1800 757 1852 mutavisse,
789 1804 838 1842 ut
867 1790 1210 1852 pentamentrum
1247 1801 1356 1840 1086

607 1880 703 1922 τοῦθ’
739 1881 867 1937 ἕρδειν,
898 1881 950 1921 ὅτε
982 1895 1036 1920 σον.
1067 1880 1120 1935 μὴ
1151 1879 1376 1934 καταθύμια)
1407 1877 1434 1932 ἦ

261 1969 303 2011 in
334 1983 374 2011 v.
411 1973 522 2012 1238
554 1969 610 2012 ad
642 1969 821 2012 verbum
854 1968 1066 2021 repetivit,
1099 1967 1357 2021 pentametri
1387 1980 1489 2010 vero
1525 1970 1634 2009 1152

637 2050 770 2090 δειλῶν
802 2050 1011 2105 ἀνθρώπων
1042 2051 1182 2105 ῥήμασι
1210 2049 1427 2101 πειθόμενος

262 2132 484 2175 exordium
516 2132 559 2174 in
591 2131 722 2172 ἄλλων
754 2132 940 2174 mutavit
970 2131 1013 2174 in
1044 2145 1086 2173 v.
1122 2134 1246 2173 1262.
1308 2131 1471 2173 Versus
1506 2133 1614 2171 1365

556 2218 588 2259 (ἶ)
617 2219 757 2259 παίδων
787 2218 967 2259 κάλλιπε
997 2218 1058 2259 καὶ
1089 2218 1323 2273 ἱμεροέστατε
1353 2220 1500 2257 πάντων

263 2307 406 2350 versui
442 2310 564 2358 1117,
596 2307 640 2349 in
671 2319 755 2359 quo
787 2307 942 2349 Plutus
974 2306 1079 2349 deus
1111 2306 1354 2355 invocatur,
1402 2308 1490 2347 tam
1523 2303 1678 2347 similis
1711 2307 1791 2355 est,

263 2386 311 2425 ut
340 2383 489 2436 procul
520 2382 649 2425 dubio
681 2395 734 2425 ex
764 2382 838 2424 illo
871 2382 1047 2424 fluxisse
1078 2379 1388 2424 existimandus
1419 2378 1487 2421 sit.
1565 2379 1652 2423 Suo
1699 2379 1793 2421 iure

267 2459 433 2501 Arthur
463 2458 656 2502 Corsenn
686 2458 728 2500 in
761 2458 1037 2500 adnotatione
1069 2457 1124 2500 ad
1155 2470 1194 2510 p.
1228 2459 1283 2499 22
1315 2455 1625 2509 Quaestionum
1656 2454 1794 2497 Theo-

264 2534 515 2588 gnidearum
543 2533 990 2588 (Wissenschaflzliche
1012 2533 1191 2585 Beilage
1222 2531 1298 2574 des
1326 2530 1709 2584 Progymnasiums
1740 2541 1794 2572 zu

266 2609 586 2653 Geestemssnde
611 2609 740 2665 1887)
760 2609 900 2653 Ulrici
922 2607 1144 2659 Koehleri,
1177 2618 1358 2659 quocum
1384 2605 1532 2649 Christ
1554 2605 1729 2660 (Gesch.
1752 2604 1793 2647 d.

267 2686 425 2739 griech.
443 2685 685 2728 Litt-eratur
705 2684 769 2727 ed.
792 2685 836 2726 H
868 2697 908 2737 p.
946 2687 1025 2726 115
1057 2682 1155 2725 adn.
1186 2682 1248 2736 Π)
1279 2681 1509 2733 consentit,
1541 2679 1795 2723 sententiam

269 2761 428 2814 reiecit,
449 2760 521 2814 qui
543 2761 585 2803 in
603 2759 975 2812 commentatione,
990 2770 1118 2811 quam
1136 2757 1372 2810 inscripsit:
1406 2756 1513 2799 Eine
1526 2755 1794 2798 Illustration

268 2849 321 2879 zu
352 2836 587 2890 Theognis,
626 2835 942 2890 (Mitteilungen
988 2834 1064 2877 des
1109 2833 1343 2876 deutschen
1390 2830 1796 2884 archaeologischen

271 2912 467 2955 [nstituts
514 2911 556 2954 in
600 2911 746 2954 Athen
764 2944 774 2962 ,
822 2914 861 2953 9.
906 2910 1134 2963 Jahrgang
1181 2912 1293 2951 1884
1339 2921 1379 2961 p.
1425 2911 1547 2950 1—4
1591 2906 1712 2948 'rasel
1758 2906 1794 2959 I)

270 2987 403 3029 verba
449 2985 481 3025 ὅ»
525 2986 664 3026 παίδων
709 2986 906 3029 κάλλιστε,
952 2996 1061 3037 quae
1107 2984 1149 3026 in
1191 2983 1369 3026 vasculo
1415 2981 1533 3024 fictili
1570 2981 1796 3033 Tanagrae
