2098 3406
916 302 1210 342 „13—

279 446 331 472 τοι
369 431 447 475 sed
485 431 617 474 etiam
655 430 752 487 ἀνὴρ
789 430 1044 484 depromere
1084 433 1182 473 erat
1226 430 1271 473 in
1317 428 1513 484 proclivi.
1576 429 1676 472 Hoc
1714 428 1840 472 modo

281 508 513 552 lectionum
536 507 860 562 discrepantiae
888 507 1120 550 clariorem
1153 507 1303 551 afferri
1335 507 1478 551 lucem
1510 518 1644 560 quam
1675 506 1714 549 si
1745 505 1842 559 quis

280 585 515 629 coniecerit
549 585 647 628 ideo
684 583 845 630 τοιοῦτός
880 598 933 625 τοι
971 597 1009 627 e.
1042 597 1084 638 q.
1115 597 1157 627 v.
1194 584 1238 627 in
1277 582 1362 624 ἀλλ’
1402 584 1461 638 εἴη
1506 586 1680 626 mutata
1732 595 1842 636 esse,

280 675 334 706 ne
366 663 452 706 duo
483 662 760 716 insequentia
791 661 980 705 disticha
1012 662 1068 705 ab
1100 661 1266 706 eisdem
1304 661 1547 715 inciperent
1583 660 1751 713 verbis,
1789 672 1843 702 ne

278 739 582 784 Schneidewin
614 739 791 793 quidem
823 739 882 794 (p.
906 743 962 782 22
995 739 1234 794 dissertat.)
1266 739 1390 793 fugit.

396 829 576 872 Addere
609 829 750 883 potuit
782 833 861 872 aut
891 828 1044 872 debuit
1072 826 1166 870 τοῦτ’
1171 863 1182 883 ‚
1215 828 1332 882 quod
1360 829 1404 871 A
1436 827 1549 871 infra
1578 828 1726 880 habet,
1758 840 1843 870 non

279 905 458 949 librario
497 907 701 950 oscitanti
732 907 1025 959 tribuendum,
1059 906 1136 950 sed
1167 907 1368 950 consulto
1401 909 1620 949 mutatum
1657 917 1754 948 esse
1788 905 1844 948 ab

281 996 346 1035 eo,
386 983 461 1037 qui
500 984 775 1039 intellegeret
811 984 849 1027 si
887 984 1106 1039 epilogum
1145 983 1290 1038 priore
1327 983 1423 1027 loco
1463 983 1519 1026 ad
1551 984 1681 1037 plura
1711 982 1845 1037 perti·

284 1064 455 1103 nentem
488 1059 562 1104 uni
585 1060 829 1104 sententiae
852 1061 1139 1114 adiunxisset,
1168 1073 1254 1104 non
1276 1060 1437 1114 plurali
1461 1073 1556 1103 esse
1583 1061 1744 1114 locum,
1767 1059 1846 1103 sed

280 1137 493 1192 singulari
536 1150 733 1181 numero.
794 1139 1001 1192 Apparet
1042 1137 1178 1193 igitur
1219 1138 1458 1182 lectionum
1503 1137 1845 1191 discrepantiam

278 1214 378 1258 inde
410 1219 559 1258 natam
592 1228 687 1258 esse
719 1215 834 1268 quod
868 1228 1023 1259 versus
1056 1228 1079 1258 e
1111 1228 1191 1259 suo
1224 1228 1391 1259 conexu
1420 1214 1564 1258 avulsi
1594 1214 1846 1258 necessario

279 1292 477 1336 mutandi
508 1296 646 1335 erant.

397 1377 537 1419 Poeta
569 1380 802 1430 postquam
840 1376 1026 1430 monuit,
1065 1389 1119 1420 ne
1156 1388 1351 1430 unquam
1390 1377 1530 1420 malos
1570 1376 1766 1419 homines
1804 1376 1846 1418 in

279 1453 519 1497 amicorum
551 1466 781 1496 numerum
810 1454 1143 1508 ascisceremus‚
1171 1454 1316 1509 pergit
1343 1455 1426 1497 hoc
1453 1454 1602 1497 modo:
1636 1467 1677 1497 v.
1705 1457 1787 1496 115

553 1542 698 1583 Πολλοί
726 1556 782 1584 τοι
812 1545 937 1589 πόσιος
966 1544 1029 1584 καὶ
1062 1543 1222 1601 βρώσιος
1253 1544 1340 1585 εἰσιν
1373 1543 1522 1601 ἑταῖροι,

553 1619 592 1660 ἐν
623 1618 669 1660 δὲ
697 1619 884 1675 σπουδαίῳ
915 1622 1102 1677 πρήγματι
1132 1623 1350 1678 παυρότεροι

281 1721 427 1764 Huius
460 1721 635 1764 distichi
668 1725 974 1775 argumentum
1006 1721 1071 1765 ita
1102 1735 1201 1765 cum
1233 1722 1436 1766 versibus
1471 1726 1553 1766 113
1587 1727 1631 1766 et
1668 1726 1749 1765 114

553 1815 716 1872 Μήποτέ
747 1831 800 1857 τοι
836 1816 949 1858 κακὸν
982 1817 1101 1874 ἄνδρα
1131 1817 1239 1874 φίλον
1271 1818 1453 1859 ποιεῖσθαι
1485 1817 1630 1875 ἑταῖρον

554 1891 638 1933 ἀλλ’
674 1893 743 1934 αἰεὶ
775 1894 922 1950 φεύγειν
953 1893 1053 1935 ὥστε
1084 1895 1198 1935 κακὸν
1228 1895 1365 1950 λιμένα

282 1994 502 2047 cohaeret,
525 1998 575 2038 ut
596 1995 787 2038 alterum
810 1996 998 2038 alterum
1020 1995 1250 2049 aptissime
1272 1996 1412 2050 possit
1432 1997 1649 2051 excipere.
1691 1998 1848 2051 Neque

280 2071 324 2114 in
346 2071 494 2115 verbis
525 2071 633 2125 ipsis
666 2072 904 2126 quidquam
933 2073 1058 2125 inest,
1090 2073 1134 2116 in
1156 2086 1242 2127 quo
1265 2073 1551 2118 offendamus.
1605 2075 1848 2118 Genetivus

281 2149 551 2192 substantivi
582 2151 688 2196 πόσις
720 2154 764 2193 et
795 2149 839 2192 in
870 2163 912 2192 v.
936 2153 1020 2193 837

553 2244 673 2285 δισσαί
704 2259 757 2285 τοι
788 2247 914 2291 πόσιος
944 2250 1062 2302 κῆρες
1092 2245 1242 2287 δειλοῖσι
1276 2246 1454 2303 βροτοῖσιν

282 2325 326 2364 et
355 2321 400 2364 in
431 2335 471 2365 v.
495 2326 583 2364 844

552 2403 724 2444 τουτάκις
754 2397 865 2440 οἴκαδ’
896 2400 979 2453 ἴμεν
1010 2404 1239 2454 παυσάμενοι
1270 2403 1395 2447 πόσιος

284 2492 456 2546 legitur.
505 2494 794 2538 substantiva
824 2496 927 2540 πόσις
960 2498 1003 2538 et
1035 2493 1175 2551 βρῶσις
1207 2495 1438 2540 coniuncta
1470 2497 1554 2540 sibi
1586 2498 1694 2540 haec
1726 2511 1848 2542 »esse

284 2569 584 2623 cognitissima
606 2571 693 2614 ait«
719 2571 961 2625 discipulus
983 2584 1037 2614 ex
1058 2571 1255 2615 Homero
1278 2585 1418 2627 neque
1442 2586 1507 2626 eor
1537 2574 1652 2628 quod
1675 2575 1847 2618 distichi

285 2646 537 2689 hexameter
566 2647 610 2690 in
642 2648 1177 2704 Pseudophocylideorum
1199 2663 1241 2692 v.
1267 2653 1322 2693 92
1354 2650 1418 2693 ita
1446 2654 1656 2704 mutatus,
1689 2655 1739 2695 ut
1770 2665 1848 2706 pro

283 2736 335 2762 τοι
368 2723 507 2766 altero
545 2724 641 2767 loco
673 2726 742 2781 γάρ
774 2727 950 2780 legatur
981 2726 1184 2777 occurrit,
1217 2726 1449 2779 quominus
1484 2740 1583 2771 eum
1613 2729 1846 2784 genuinum

284 2799 584 2844 existimemus
616 2801 890 2855 impedimur.

401 2882 523 2926 Infra
555 2888 701 2927 autem
736 2886 877 2929 eidem
910 2900 1065 2930 versus
1098 2890 1199 2940 post
1219 2900 1260 2930 v,
1285 2891 1370 2930 642
1403 2892 1676 2942 repetuntur,
1710 2890 1774 2934 ita
1800 2893 1850 2934 ut

286 2959 539 3003 hexameter
570 2961 650 3004 hoc
685 2962 825 3005 altero
858 2964 952 3007 loco
985 2964 1048 3007 sic
1081 2964 1320 3007 scribatur:

621 3055 764 3097 Πολλοὶ
795 3072 870 3114 παρ
902 3063 1062 3115 κρητῆρι
1094 3059 1192 3116 φίλοι
1224 3061 1379 3115 γίνονται
1412 3060 1547 3118 ἑταῖροι
